2686 4770
119 351 214 415 xvttt
549 349 770 413 PRAEFATIO.

118 528 237 606 sperata
254 536 413 581 neeessnra
434 527 503 581 snat
520 517 699 582 adiumenta.
744 514 821 582 com
842 515 920 580 enim
937 517 974 579 de
989 512 1077 578 Ludo
1096 531 1200 593 ennen-

118 636 215 700 datins
232 634 345 699 edendo
361 635 565 719 desperassem
586 637 649 699 lere
672 644 792 720 propter
813 635 944 698 rodinum
962 642 1146 698 vetustorum
1168 640 1200 694 et

118 752 300 837 integrorum
322 752 470 839 inopiam,
500 753 711 817 ineundisshne
728 752 799 817 nihi
820 752 946 830 accidit,
969 761 1002 814 ot
1019 748 1200 813 Theodorus

119 866 232 936 Oehler
246 869 358 935 Moeno
367 867 652 951 -Franeolnrtanns‚
675 870 726 955 qui
739 870 772 935 ln
782 868 892 935 Museo
906 868 1052 934 Rhenano
1067 868 1104 931 de
1118 865 1199 931 eodi-
1257 909 1260 917 ·

118 989 203 1055 ribus
216 992 300 1056 mstis
317 1010 412 1076 nuper
424 1010 483 1053 non
498 1010 591 1075 panea
604 989 745 1055 disseruit
756 989 849 1076 ipsios
862 987 1041 1073 diligentiam
1056 996 1086 1049 et
1100 983 1199 1048 eradi·

117 1108 228 1173 tionem
240 1108 404 1196 probantia,
425 1104 550 1170 Parisiis
561 1107 591 1169 d.
602 1104 756 1171 XXVIII.
769 1106 873 1172 Martii
887 1106 999 1171 mensis
1010 1106 1046 1169 ad
1058 1125 1105 1168 nne
1114 1104 1201 1168 daret

117 1227 252 1302 litteras,
284 1224 388 1308 quibus
411 1221 480 1284 mihi
504 1221 651 1284 nuntiavit
671 1220 858 1287 valentianis
881 1245 948 1286 esse
969 1224 1099 1285 codicem
1118 1220 1197 1285 illins

116 1340 205 1403 libelli
227 1358 290 1401 see.
308 1337 367 1401 IX.
384 1337 545 1419 seriptum,
569 1356 689 1419 operam
706 1357 789 1399 snann
811 1338 840 1400 ln
856 1358 893 1400 en
913 1337 1091 1400 excutiendo
1109 1336 1199 1403 simul

117 1455 274 1542 pollicitus.
320 1454 433 1517 Eodem
450 1453 512 1515 lere
530 1464 661 1537 tempore
675 1453 818 1516 Albertus
833 1451 904 1516 Iabn
919 1454 956 1517 ab
973 1454 1197 1520 Alexandrinae

117 1571 318 1657 philosophiae
340 1570 509 1655 cognitione
532 1580 669 1634 aeeurata
687 1570 814 1634 maxime
831 1573 1053 1636 commendatus
1069 1574 1146 1639 altro
1161 1575 1198 1639 ad

117 1711 164 1753 me
188 1690 268 1753 misit
289 1711 330 1754 ex
351 1688 526 1755 bibliotheca
545 1684 693 1752 bonnensi
710 1688 863 1774 exemplar
880 1689 1018 1752 editionis
1037 1689 1197 1753 Gotholre-

116 1806 222 1873 dianae
249 1805 349 1874 Iaeobi
371 1805 530 1893 Bongarsil
554 1806 811 1871 observationibus
834 1808 1020 1872 instructura.
1065 1805 1116 1870 Ex
1137 1808 1194 1885 bis,

117 1948 192 2012 quae
208 1929 244 1993 ad
262 1928 353 1993 libros
373 1927 501 1993 nondum
522 1927 617 1992 editos
634 1927 799 2014 pertinent,
823 1928 939 1992 tertium
957 1927 1095 1992 volumen
1112 1924 1196 1990 exei-

115 2046 194 2129 pietr
219 2049 331 2132 reliqna
350 2057 447 2112 antem
467 2068 526 2109 nna
542 2068 608 2109 eum
630 2046 683 2123 iis,
707 2068 783 2130 quae
799 2048 855 2110 viri
874 2047 950 2110 doetl
972 2047 1110 2135 inopere
1131 2065 1198 2109 mea

116 2163 297 2225 aestimanda
319 2163 377 2224 iam
394 2170 612 2244 proposuerunt
630 2171 682 2221 aut
701 2160 880 2244 proposituri
899 2172 968 2224 sunt
990 2173 1020 2223 et
1041 2181 1115 2244 qnae
1133 2161 1195 2242 ipse

117 2275 291 2363 disputanda
306 2284 409 2339 eontm
422 2274 604 2352 indicavero,
628 2283 732 2355 quarto
749 2274 888 2338 volumini
903 2275 1088 2338 adlicientur.
1119 2276 1196 2356 qaod

116 2404 232 2478 gratnm
250 2415 298 2456 me
317 2393 459 2454 facturam
476 2411 544 2454 esse
563 2390 697 2455 omnibus
716 2410 824 2475 spero,
849 2391 898 2476 qui
912 2391 967 2456 hae
984 2411 1049 2454 mea
1067 2392 1196 2458 editione

117 2511 158 2575 nti
180 2509 340 2576 voluerint.

190 2676 364 2745 Scribebam
372 2676 481 2744 Portae
495 2677 524 2741 d.
533 2672 657 2741 XXIV.
670 2670 745 2736 Ionii
760 2673 871 2739 mensis
884 2695 911 2738 a.
923 2671 1192 2744 MDCCCXLIII.
