<?xml version="1.0" encoding="UTF-8"?>
<!DOCTYPE html PUBLIC "-//W3C//DTD XHTML 1.0 Transitional//EN"
    "http://www.w3.org/TR/xhtml1/DTD/xhtml1-transitional.dtd">
<html xmlns="http://www.w3.org/1999/xhtml" xml:lang="en" lang="en">
 <head>
  <title>
</title>
<meta http-equiv="Content-Type" content="text/html;charset=utf-8" />
  <meta name='ocr-system' content='tesseract 3.04.00' />
  <meta name='ocr-capabilities' content='ocr_page ocr_carea ocr_par ocr_line ocrx_word'/>
</head>
<body>
  <div class='ocr_page' id='page_1' title='image "./lannaeisenecaeo00fickgoog_0264.png"; bbox 0 0 2684 4770; ppageno 0'>
   <div class='ocr_carea' id='block_1_1' title="bbox 359 332 1143 407">
    <p class='ocr_par' dir='ltr' id='par_1_1' title="bbox 359 332 1143 407">
     <span class='ocr_line' id='line_1_1' title="bbox 359 332 1143 407; baseline 0.017 -12"><span class='ocrx_word' id='word_1_1' title='bbox 359 336 408 395; x_wconf 81' lang='lat' dir='ltr'><strong>DE</strong></span> <span class='ocrx_word' id='word_1_2' title='bbox 428 332 640 396; x_wconf 72' lang='lat' dir='ltr'><strong>senonicus</strong></span> <span class='ocrx_word' id='word_1_3' title='bbox 661 332 731 395; x_wconf 81' lang='lat' dir='ltr'><strong>titt.</strong></span> <span class='ocrx_word' id='word_1_4' title='bbox 753 335 816 397; x_wconf 87' lang='lat' dir='ltr'><strong>Vll.</strong></span> <span class='ocrx_word' id='word_1_5' title='bbox 831 346 862 401; x_wconf 82' lang='lat' dir='ltr'><strong>t.</strong></span> <span class='ocrx_word' id='word_1_6' title='bbox 1084 339 1143 407; x_wconf 74' lang='lat'><strong>241</strong></span> 
     </span>
    </p>
   </div>
   <div class='ocr_carea' id='block_1_2' title="bbox 59 499 1166 2981">
    <p class='ocr_par' dir='ltr' id='par_1_2' title="bbox 59 499 1166 2981">
     <span class='ocr_line' id='line_1_2' title="bbox 71 499 1144 589; baseline 0.007 -23"><span class='ocrx_word' id='word_1_7' title='bbox 71 512 209 588; x_wconf 87' lang='lat' dir='ltr'><strong>pateant,</strong></span> <span class='ocrx_word' id='word_1_8' title='bbox 232 502 297 566; x_wconf 89' lang='lat' dir='ltr'><strong>sine</strong></span> <span class='ocrx_word' id='word_1_9' title='bbox 316 502 440 573; x_wconf 76' lang='lat' dir='ltr'><strong>tumultu</strong></span> <span class='ocrx_word' id='word_1_10' title='bbox 459 502 521 564; x_wconf 91' lang='lat' dir='ltr'><strong>obit</strong></span> <span class='ocrx_word' id='word_1_11' title='bbox 535 510 566 564; x_wconf 91' lang='lat' dir='ltr'><strong>et</strong></span> <span class='ocrx_word' id='word_1_12' title='bbox 582 519 670 563; x_wconf 90' lang='lat' dir='ltr'><strong>omne</strong></span> <span class='ocrx_word' id='word_1_13' title='bbox 687 499 842 563; x_wconf 81' lang='lat' dir='ltr'><strong>humanum</strong></span> <span class='ocrx_word' id='word_1_14' title='bbox 856 522 950 584; x_wconf 76' lang='lat' dir='ltr'><strong>geum</strong></span> <span class='ocrx_word' id='word_1_15' title='bbox 971 507 1144 589; x_wconf 88' lang='lat' dir='ltr'><strong>potentissi-</strong></span> 
     </span>
     <span class='ocr_line' id='line_1_3' title="bbox 70 597 1166 692; baseline 0.008 -27"><span class='ocrx_word' id='word_1_16' title='bbox 70 624 137 665; x_wconf 88' lang='lat' dir='ltr'><strong>mus</strong></span> <span class='ocrx_word' id='word_1_17' title='bbox 157 603 219 667; x_wconf 86' lang='lat' dir='ltr'><strong>eius</strong></span> <span class='ocrx_word' id='word_1_18' title='bbox 240 603 424 689; x_wconf 76' lang='lat' dir='ltr'><strong>optimusque</strong></span> <span class='ocrx_word' id='word_1_19' title='bbox 448 603 525 664; x_wconf 86' lang='lat' dir='ltr'><strong>inira</strong></span> <span class='ocrx_word' id='word_1_20' title='bbox 545 621 579 663; x_wconf 90' lang='lat' dir='ltr'><strong>se</strong></span> <span class='ocrx_word' id='word_1_21' title='bbox 600 600 691 662; x_wconf 88' lang='lat' dir='ltr'><strong>uidet.</strong></span> <span class='ocrx_word' id='word_1_22' title='bbox 736 597 881 663; x_wconf 78' lang='lat' dir='ltr'>Derideas</span> <span class='ocrx_word' id='word_1_23' title='bbox 902 604 988 682; x_wconf 88' lang='lat' dir='ltr'><strong>licet,</strong></span> <span class='ocrx_word' id='word_1_24' title='bbox 1009 608 1166 692; x_wconf 77' lang='lat' dir='ltr'><strong>ingentius</strong></span> 
     </span>
     <span class='ocr_line' id='line_1_4' title="bbox 69 674 1140 786; baseline 0.011 -22"><span class='ocrx_word' id='word_1_25' title='bbox 69 703 188 786; x_wconf 89' lang='lat' dir='ltr'><strong>spiritus</strong></span> <span class='ocrx_word' id='word_1_26' title='bbox 209 723 260 767; x_wconf 89' lang='lat' dir='ltr'><strong>res</strong></span> <span class='ocrx_word' id='word_1_27' title='bbox 277 715 341 781; x_wconf 88' lang='lat' dir='ltr'><strong>est,</strong></span> <span class='ocrx_word' id='word_1_28' title='bbox 364 725 430 767; x_wconf 88' lang='lat' dir='ltr'><strong>cum</strong></span> <span class='ocrx_word' id='word_1_29' title='bbox 449 700 602 765; x_wconf 80' lang='lat' dir='ltr'><strong>Orientem</strong></span> <span class='ocrx_word' id='word_1_30' title='bbox 622 697 871 780; x_wconf 79' lang='lat' dir='ltr'><strong>Occidentemque</strong></span> <span class='ocrx_word' id='word_1_31' title='bbox 889 674 1060 773; x_wconf 71' lang='lat' dir='ltr'><strong>lustrsueiis</strong></span> <span class='ocrx_word' id='word_1_32' title='bbox 1077 713 1140 775; x_wconf 83' lang='lat' dir='ltr'><strong>eni·</strong></span> 
     </span>
     <span class='ocr_line' id='line_1_5' title="bbox 66 798 1137 888; baseline 0.007 -22"><span class='ocrx_word' id='word_1_33' title='bbox 66 824 116 867; x_wconf 87' lang='lat' dir='ltr'><strong>mo</strong></span> <span class='ocrx_word' id='word_1_34' title='bbox 137 825 194 887; x_wconf 93' lang='lat' dir='ltr'><strong>qno</strong></span> <span class='ocrx_word' id='word_1_35' title='bbox 216 804 305 867; x_wconf 91' lang='lat' dir='ltr'><strong>etiam</strong></span> <span class='ocrx_word' id='word_1_36' title='bbox 330 813 446 866; x_wconf 86' lang='lat' dir='ltr'><strong>remota</strong></span> <span class='ocrx_word' id='word_1_37' title='bbox 467 813 497 864; x_wconf 92' lang='lat' dir='ltr'><strong>et</strong></span> <span class='ocrx_word' id='word_1_38' title='bbox 518 801 723 865; x_wconf 86' lang='lat' dir='ltr'><strong>solitudinibus</strong></span> <span class='ocrx_word' id='word_1_39' title='bbox 750 798 910 861; x_wconf 87' lang='lat' dir='ltr'><strong>interclusa</strong></span> <span class='ocrx_word' id='word_1_40' title='bbox 937 815 1137 888; x_wconf 86' lang='lat' dir='ltr'><strong>penetrantur,</strong></span> 
     </span>
     <span class='ocr_line' id='line_1_6' title="bbox 66 901 1142 985; baseline 0.005 -19"><span class='ocrx_word' id='word_1_41' title='bbox 66 923 131 966; x_wconf 84' lang='lat' dir='ltr'><strong>unm</strong></span> <span class='ocrx_word' id='word_1_42' title='bbox 153 915 197 966; x_wconf 94' lang='lat' dir='ltr'><strong>tot</strong></span> <span class='ocrx_word' id='word_1_43' title='bbox 210 904 366 981; x_wconf 84' lang='lat' dir='ltr'><strong>animalia,</strong></span> <span class='ocrx_word' id='word_1_44' title='bbox 391 912 500 964; x_wconf 87' lang='lat' dir='ltr'><strong>tantam</strong></span> <span class='ocrx_word' id='word_1_45' title='bbox 519 902 631 985; x_wconf 90' lang='lat' dir='ltr'><strong>copiam</strong></span> <span class='ocrx_word' id='word_1_46' title='bbox 648 919 833 982; x_wconf 79' lang='lat' dir='ltr'><strong>rerumquae</strong></span> <span class='ocrx_word' id='word_1_47' title='bbox 850 909 954 962; x_wconf 88' lang='lat' dir='ltr'><strong>natura</strong></span> <span class='ocrx_word' id='word_1_48' title='bbox 973 901 1142 971; x_wconf 77' lang='lat' dir='ltr'><strong>beatissime</strong></span> 
     </span>
     <span class='ocr_line' id='line_1_7' title="bbox 69 996 1143 1086; baseline 0.007 -24"><span class='ocrx_word' id='word_1_49' title='bbox 69 1004 163 1066; x_wconf 90' lang='lat' dir='ltr'><strong>inndit</strong></span> <span class='ocrx_word' id='word_1_50' title='bbox 182 1003 374 1086; x_wconf 75' lang='lat' dir='ltr'><strong>adspexerint,</strong></span> <span class='ocrx_word' id='word_1_51' title='bbox 399 1002 534 1065; x_wconf 83' lang='lat' dir='ltr'><strong>emittere</strong></span> <span class='ocrx_word' id='word_1_52' title='bbox 551 1001 625 1063; x_wconf 91' lang='lat' dir='ltr'><strong>hanc</strong></span> <span class='ocrx_word' id='word_1_53' title='bbox 641 1001 688 1062; x_wconf 91' lang='lat' dir='ltr'><strong>dei</strong></span> <span class='ocrx_word' id='word_1_54' title='bbox 704 1019 828 1062; x_wconf 79' lang='lat' dir='ltr'><strong>uoccme</strong></span> <span class='ocrx_word' id='word_1_55' title='bbox 859 996 942 1065; x_wconf 83' lang='lat' dir='ltr'><strong>llaec</strong></span> <span class='ocrx_word' id='word_1_56' title='bbox 960 1003 1059 1065; x_wconf 88' lang='lat' dir='ltr'><strong>omnia</strong></span> <span class='ocrx_word' id='word_1_57' title='bbox 1077 1026 1143 1069; x_wconf 84' lang='lat' dir='ltr'><strong>mea</strong></span> 
     </span>
     <span class='ocr_line' id='line_1_8' title="bbox 67 1099 1140 1184; baseline 0.003 -21"><span class='ocrx_word' id='word_1_58' title='bbox 67 1113 148 1165; x_wconf 88' lang='lat' dir='ltr'><strong>sunt.</strong></span> <span class='ocrx_word' id='word_1_59' title='bbox 203 1099 255 1164; x_wconf 90' lang='lat' dir='ltr'><strong>Sic</strong></span> <span class='ocrx_word' id='word_1_60' title='bbox 284 1103 317 1163; x_wconf 90' lang='lat' dir='ltr'><strong>tit</strong></span> <span class='ocrx_word' id='word_1_61' title='bbox 344 1111 376 1164; x_wconf 96' lang='lat' dir='ltr'><strong>nt</strong></span> <span class='ocrx_word' id='word_1_62' title='bbox 405 1101 477 1163; x_wconf 83' lang='lat' dir='ltr'><strong>nihil</strong></span> <span class='ocrx_word' id='word_1_63' title='bbox 503 1100 715 1184; x_wconf 88' lang='lat' dir='ltr'><strong>cupiat‚·qnia</strong></span> <span class='ocrx_word' id='word_1_64' title='bbox 741 1099 813 1163; x_wconf 87' lang='lat' dir='ltr'><strong>nihil</strong></span> <span class='ocrx_word' id='word_1_65' title='bbox 842 1109 888 1163; x_wconf 90' lang='lat' dir='ltr'><strong>est</strong></span> <span class='ocrx_word' id='word_1_66' title='bbox 915 1111 1003 1164; x_wconf 79' lang='lat' dir='ltr'><strong>entra</strong></span> <span class='ocrx_word' id='word_1_67' title='bbox 1030 1105 1140 1168; x_wconf 90' lang='lat' dir='ltr'><strong>omnia.</strong></span> 
     </span>
     <span class='ocr_line' id='line_1_9' title="bbox 67 1199 1142 1285; baseline 0.006 -22"><span class='ocrx_word' id='word_1_68' title='bbox 67 1199 112 1263; x_wconf 89' lang='lat' dir='ltr'><strong>IV</strong></span> <span class='ocrx_word' id='word_1_69' title='bbox 116 1249 124 1263; x_wconf 91' lang='lat'><strong>.</strong></span> <span class='ocrx_word' id='word_1_70' title='bbox 149 1200 215 1264; x_wconf 85' lang='lat' dir='ltr'><strong>iloc</strong></span> <span class='ocrx_word' id='word_1_71' title='bbox 233 1202 339 1285; x_wconf 89' lang='lat' dir='ltr'><strong>ipsum,</strong></span> <span class='ocrx_word' id='word_1_72' title='bbox 362 1201 471 1284; x_wconf 90' lang='lat' dir='ltr'><strong>inquis,</strong></span> <span class='ocrx_word' id='word_1_73' title='bbox 495 1200 592 1264; x_wconf 83' lang='lat' dir='ltr'><strong>uolui:</strong></span> <span class='ocrx_word' id='word_1_74' title='bbox 617 1211 703 1263; x_wconf 90' lang='lat' dir='ltr'><strong>teneo</strong></span> <span class='ocrx_word' id='word_1_75' title='bbox 720 1211 760 1262; x_wconf 88' lang='lat' dir='ltr'><strong>tc.</strong></span> <span class='ocrx_word' id='word_1_76' title='bbox 791 1200 860 1263; x_wconf 91' lang='lat' dir='ltr'><strong>uolo</strong></span> <span class='ocrx_word' id='word_1_77' title='bbox 877 1200 979 1264; x_wconf 90' lang='lat' dir='ltr'><strong>uidere</strong></span> <span class='ocrx_word' id='word_1_78' title='bbox 996 1206 1142 1285; x_wconf 92' lang='lat' dir='ltr'><strong>quomodo</strong></span> 
     </span>
     <span class='ocr_line' id='line_1_10' title="bbox 66 1300 1139 1387; baseline 0.006 -24"><span class='ocrx_word' id='word_1_79' title='bbox 66 1320 107 1363; x_wconf 84' lang='lat' dir='ltr'><strong>ex</strong></span> <span class='ocrx_word' id='word_1_80' title='bbox 123 1301 168 1365; x_wconf 90' lang='lat' dir='ltr'><strong>his</strong></span> <span class='ocrx_word' id='word_1_81' title='bbox 184 1301 296 1385; x_wconf 81' lang='lat' dir='ltr'><strong>laqueis</strong></span> <span class='ocrx_word' id='word_1_82' title='bbox 311 1302 341 1363; x_wconf 92' lang='lat' dir='ltr'><strong>in</strong></span> <span class='ocrx_word' id='word_1_83' title='bbox 358 1323 431 1385; x_wconf 91' lang='lat' dir='ltr'><strong>quos</strong></span> <span class='ocrx_word' id='word_1_84' title='bbox 449 1311 498 1363; x_wconf 89' lang='lat' dir='ltr'><strong>tua</strong></span> <span class='ocrx_word' id='word_1_85' title='bbox 514 1310 617 1384; x_wconf 87' lang='lat' dir='ltr'><strong>sponte</strong></span> <span class='ocrx_word' id='word_1_86' title='bbox 633 1300 762 1363; x_wconf 76' lang='lat' dir='ltr'><strong>decidisti</strong></span> <span class='ocrx_word' id='word_1_87' title='bbox 777 1301 947 1384; x_wconf 87' lang='lat' dir='ltr'><strong>expliceris.</strong></span> <span class='ocrx_word' id='word_1_88' title='bbox 985 1300 1044 1365; x_wconf 89' lang='lat' dir='ltr'><strong>Dic</strong></span> <span class='ocrx_word' id='word_1_89' title='bbox 1054 1305 1139 1387; x_wconf 83' lang='lat' dir='ltr'><strong>mihi,</strong></span> 
     </span>
     <span class='ocr_line' id='line_1_11' title="bbox 66 1386 1137 1489; baseline 0.007 -25"><span class='ocrx_word' id='word_1_90' title='bbox 66 1403 305 1484; x_wconf 87' lang='lat' dir='ltr'><strong>quemadmodum</strong></span> <span class='ocrx_word' id='word_1_91' title='bbox 324 1413 422 1486; x_wconf 89' lang='lat' dir='ltr'><strong>potest</strong></span> <span class='ocrx_word' id='word_1_92' title='bbox 443 1401 547 1483; x_wconf 88' lang='lat' dir='ltr'><strong>uliquis</strong></span> <span class='ocrx_word' id='word_1_93' title='bbox 571 1402 680 1464; x_wconf 92' lang='lat' dir='ltr'><strong>donare</strong></span> <span class='ocrx_word' id='word_1_94' title='bbox 699 1400 839 1484; x_wconf 84' lang='lat' dir='ltr'><strong>sapienti,</strong></span> <span class='ocrx_word' id='word_1_95' title='bbox 864 1401 889 1462; x_wconf 91' lang='lat' dir='ltr'><strong>si</strong></span> <span class='ocrx_word' id='word_1_96' title='bbox 906 1402 1004 1465; x_wconf 91' lang='lat' dir='ltr'><strong>omnia</strong></span> <span class='ocrx_word' id='word_1_97' title='bbox 1021 1386 1137 1489; x_wconf 88' lang='lat' dir='ltr'><strong>sapien·</strong></span> 
     </span>
     <span class='ocr_line' id='line_1_12' title="bbox 63 1498 1136 1588; baseline 0.006 -22"><span class='ocrx_word' id='word_1_98' title='bbox 63 1501 102 1566; x_wconf 83' lang='lat' dir='ltr'><strong>tis</strong></span> <span class='ocrx_word' id='word_1_99' title='bbox 117 1505 206 1565; x_wconf 79' lang='lat' dir='ltr'><strong>sunt?</strong></span> <span class='ocrx_word' id='word_1_100' title='bbox 227 1503 336 1565; x_wconf 89' lang='lat' dir='ltr'><strong>numid</strong></span> <span class='ocrx_word' id='word_1_101' title='bbox 358 1522 473 1585; x_wconf 90' lang='lat' dir='ltr'><strong>qnoque</strong></span> <span class='ocrx_word' id='word_1_102' title='bbox 490 1502 566 1584; x_wconf 93' lang='lat' dir='ltr'><strong>quod</strong></span> <span class='ocrx_word' id='word_1_103' title='bbox 584 1501 624 1563; x_wconf 91' lang='lat' dir='ltr'><strong>illi</strong></span> <span class='ocrx_word' id='word_1_104' title='bbox 641 1502 729 1563; x_wconf 90' lang='lat' dir='ltr'><strong>donat</strong></span> <span class='ocrx_word' id='word_1_105' title='bbox 747 1501 839 1583; x_wconf 90' lang='lat' dir='ltr'><strong>ipsius</strong></span> <span class='ocrx_word' id='word_1_106' title='bbox 856 1509 913 1562; x_wconf 88' lang='lat' dir='ltr'><strong>est.</strong></span> <span class='ocrx_word' id='word_1_107' title='bbox 957 1498 1059 1588; x_wconf 84' lang='lat' dir='ltr'><strong>Itaque</strong></span> <span class='ocrx_word' id='word_1_108' title='bbox 1075 1528 1136 1571; x_wconf 92' lang='lat' dir='ltr'><strong>non</strong></span> 
     </span>
     <span class='ocr_line' id='line_1_13' title="bbox 64 1600 1134 1685; baseline 0.007 -20"><span class='ocrx_word' id='word_1_109' title='bbox 64 1612 161 1684; x_wconf 85' lang='lat' dir='ltr'><strong>potest</strong></span> <span class='ocrx_word' id='word_1_110' title='bbox 175 1603 236 1664; x_wconf 87' lang='lat' dir='ltr'><strong>dari</strong></span> <span class='ocrx_word' id='word_1_111' title='bbox 253 1603 427 1665; x_wconf 83' lang='lat' dir='ltr'><strong>heneficium</strong></span> <span class='ocrx_word' id='word_1_112' title='bbox 439 1603 566 1685; x_wconf 88' lang='lat' dir='ltr'><strong>sapienti</strong></span> <span class='ocrx_word' id='word_1_113' title='bbox 582 1602 628 1663; x_wconf 90' lang='lat' dir='ltr'><strong>cui</strong></span> <span class='ocrx_word' id='word_1_114' title='bbox 647 1601 780 1684; x_wconf 88' lang='lat' dir='ltr'><strong>quicquid</strong></span> <span class='ocrx_word' id='word_1_115' title='bbox 799 1600 885 1662; x_wconf 91' lang='lat' dir='ltr'><strong>datur</strong></span> <span class='ocrx_word' id='word_1_116' title='bbox 900 1600 936 1663; x_wconf 92' lang='lat' dir='ltr'><strong>de</strong></span> <span class='ocrx_word' id='word_1_117' title='bbox 952 1622 1007 1664; x_wconf 90' lang='lat' dir='ltr'><strong>suo</strong></span> <span class='ocrx_word' id='word_1_118' title='bbox 1028 1605 1134 1672; x_wconf 79' lang='lat' dir='ltr'><strong>datur:</strong></span> 
     </span>
     <span class='ocr_line' id='line_1_14' title="bbox 64 1698 1158 1786; baseline 0.007 -22"><span class='ocrx_word' id='word_1_119' title='bbox 64 1703 143 1784; x_wconf 87' lang='lat' dir='ltr'><strong>atqui</strong></span> <span class='ocrx_word' id='word_1_120' title='bbox 163 1703 258 1765; x_wconf 90' lang='lat' dir='ltr'><strong>dicitis</strong></span> <span class='ocrx_word' id='word_1_121' title='bbox 274 1703 400 1786; x_wconf 85' lang='lat' dir='ltr'><strong>sapienti</strong></span> <span class='ocrx_word' id='word_1_122' title='bbox 418 1722 506 1785; x_wconf 87' lang='lat' dir='ltr'><strong>posse</strong></span> <span class='ocrx_word' id='word_1_123' title='bbox 523 1702 638 1763; x_wconf 89' lang='lat' dir='ltr'><strong>donari.</strong></span> <span class='ocrx_word' id='word_1_124' title='bbox 683 1698 766 1763; x_wconf 91' lang='lat' dir='ltr'><strong>Idem</strong></span> <span class='ocrx_word' id='word_1_125' title='bbox 781 1709 878 1762; x_wconf 89' lang='lat' dir='ltr'><strong>autem</strong></span> <span class='ocrx_word' id='word_1_126' title='bbox 895 1721 942 1762; x_wconf 92' lang='lat' dir='ltr'><strong>me</strong></span> <span class='ocrx_word' id='word_1_127' title='bbox 957 1703 1032 1767; x_wconf 87' lang='lat' dir='ltr'><strong>scito</strong></span> <span class='ocrx_word' id='word_1_128' title='bbox 1050 1716 1082 1769; x_wconf 90' lang='lat' dir='ltr'><strong>ct</strong></span> <span class='ocrx_word' id='word_1_129' title='bbox 1097 1707 1158 1772; x_wconf 77' lang='lat' dir='ltr'><strong>de²</strong></span> 
     </span>
     <span class='ocr_line' id='line_1_15' title="bbox 64 1799 1136 1886; baseline 0.005 -22"><span class='ocrx_word' id='word_1_130' title='bbox 64 1803 165 1864; x_wconf 87' lang='lat' dir='ltr'><strong>amicis</strong></span> <span class='ocrx_word' id='word_1_131' title='bbox 183 1803 379 1884; x_wconf 86' lang='lat' dir='ltr'><strong>interrogare.</strong></span> <span class='ocrx_word' id='word_1_132' title='bbox 412 1799 521 1863; x_wconf 83' lang='lat' dir='ltr'><strong>Omnia</strong></span> <span class='ocrx_word' id='word_1_133' title='bbox 535 1801 631 1863; x_wconf 88' lang='lat' dir='ltr'><strong>dicitis</strong></span> <span class='ocrx_word' id='word_1_134' title='bbox 647 1800 704 1862; x_wconf 87' lang='lat' dir='ltr'><strong>iliis</strong></span> <span class='ocrx_word' id='word_1_135' title='bbox 720 1820 788 1863; x_wconf 88' lang='lat' dir='ltr'><strong>esse</strong></span> <span class='ocrx_word' id='word_1_136' title='bbox 799 1800 975 1880; x_wconf 87' lang='lat' dir='ltr'><strong>communia,</strong></span> <span class='ocrx_word' id='word_1_137' title='bbox 995 1823 1068 1886; x_wconf 86' lang='lat' dir='ltr'><strong>ergo</strong></span> <span class='ocrx_word' id='word_1_138' title='bbox 1083 1827 1136 1869; x_wconf 89' lang='lat' dir='ltr'><strong>ne·</strong></span> 
     </span>
     <span class='ocr_line' id='line_1_16' title="bbox 64 1899 1134 1983; baseline 0.006 -21"><span class='ocrx_word' id='word_1_139' title='bbox 64 1922 112 1962; x_wconf 90' lang='lat' dir='ltr'><strong>mn</strong></span> <span class='ocrx_word' id='word_1_140' title='bbox 131 1902 283 1983; x_wconf 85' lang='lat' dir='ltr'><strong>quicquam</strong></span> <span class='ocrx_word' id='word_1_141' title='bbox 308 1901 403 1961; x_wconf 91' lang='lat' dir='ltr'><strong>amico</strong></span> <span class='ocrx_word' id='word_1_142' title='bbox 427 1901 536 1961; x_wconf 86' lang='lat' dir='ltr'><strong>donare</strong></span> <span class='ocrx_word' id='word_1_143' title='bbox 558 1910 670 1982; x_wconf 81' lang='lat' dir='ltr'><strong>potest:</strong></span> <span class='ocrx_word' id='word_1_144' title='bbox 695 1900 781 1962; x_wconf 90' lang='lat' dir='ltr'><strong>donat</strong></span> <span class='ocrx_word' id='word_1_145' title='bbox 800 1899 877 1962; x_wconf 92' lang='lat' dir='ltr'><strong>euim</strong></span> <span class='ocrx_word' id='word_1_146' title='bbox 898 1899 940 1961; x_wconf 86' lang='lat' dir='ltr'><strong>itti</strong></span> <span class='ocrx_word' id='word_1_147' title='bbox 958 1905 1134 1969; x_wconf 86' lang='lat' dir='ltr'><strong>communis.</strong></span> 
     </span>
     <span class='ocr_line' id='line_1_17' title="bbox 64 1998 1136 2085; baseline 0.007 -25"><span class='ocrx_word' id='word_1_148' title='bbox 64 1998 148 2061; x_wconf 85' lang='lat' dir='ltr'><strong>Nihil</strong></span> <span class='ocrx_word' id='word_1_149' title='bbox 164 1999 299 2083; x_wconf 85' lang='lat' dir='ltr'><strong>prohibet</strong></span> <span class='ocrx_word' id='word_1_150' title='bbox 316 1998 425 2080; x_wconf 91' lang='lat' dir='ltr'><strong>aliquid</strong></span> <span class='ocrx_word' id='word_1_151' title='bbox 448 2008 479 2060; x_wconf 90' lang='lat' dir='ltr'><strong>et</strong></span> <span class='ocrx_word' id='word_1_152' title='bbox 500 1998 641 2081; x_wconf 85' lang='lat' dir='ltr'><strong>sapientis</strong></span> <span class='ocrx_word' id='word_1_153' title='bbox 656 2019 723 2061; x_wconf 87' lang='lat' dir='ltr'><strong>esse</strong></span> <span class='ocrx_word' id='word_1_154' title='bbox 740 2008 771 2060; x_wconf 90' lang='lat' dir='ltr'><strong>et</strong></span> <span class='ocrx_word' id='word_1_155' title='bbox 794 1999 879 2061; x_wconf 87' lang='lat' dir='ltr'><strong>etiam</strong></span> <span class='ocrx_word' id='word_1_156' title='bbox 896 1999 961 2062; x_wconf 91' lang='lat' dir='ltr'><strong>eius</strong></span> <span class='ocrx_word' id='word_1_157' title='bbox 978 2001 1028 2082; x_wconf 93' lang='lat' dir='ltr'><strong>qui</strong></span> <span class='ocrx_word' id='word_1_158' title='bbox 1041 2004 1136 2085; x_wconf 88' lang='lat' dir='ltr'><strong>possi·</strong></span> 
     </span>
     <span class='ocr_line' id='line_1_18' title="bbox 65 2095 1134 2183; baseline 0.002 -22"><span class='ocrx_word' id='word_1_159' title='bbox 65 2099 128 2177; x_wconf 88' lang='lat' dir='ltr'><strong>det,</strong></span> <span class='ocrx_word' id='word_1_160' title='bbox 152 2099 200 2160; x_wconf 90' lang='lat' dir='ltr'><strong>cni</strong></span> <span class='ocrx_word' id='word_1_161' title='bbox 214 2100 309 2161; x_wconf 89' lang='lat' dir='ltr'><strong>datum</strong></span> <span class='ocrx_word' id='word_1_162' title='bbox 324 2109 355 2161; x_wconf 91' lang='lat' dir='ltr'><strong>et</strong></span> <span class='ocrx_word' id='word_1_163' title='bbox 371 2099 554 2180; x_wconf 82' lang='lat' dir='ltr'><strong>adsignatum</strong></span> <span class='ocrx_word' id='word_1_164' title='bbox 571 2109 628 2160; x_wconf 88' lang='lat' dir='ltr'><strong>cst.</strong></span> <span class='ocrx_word' id='word_1_165' title='bbox 671 2095 740 2161; x_wconf 91' lang='lat' dir='ltr'><strong>Iure</strong></span> <span class='ocrx_word' id='word_1_166' title='bbox 754 2098 832 2160; x_wconf 91' lang='lat' dir='ltr'><strong>ciuili</strong></span> <span class='ocrx_word' id='word_1_167' title='bbox 847 2099 943 2161; x_wconf 87' lang='lat' dir='ltr'><strong>omnia</strong></span> <span class='ocrx_word' id='word_1_168' title='bbox 957 2101 1038 2183; x_wconf 84' lang='lat' dir='ltr'><strong>regis</strong></span> <span class='ocrx_word' id='word_1_169' title='bbox 1053 2114 1134 2169; x_wconf 72' lang='lat' dir='ltr'><strong>eunti</strong></span> 
     </span>
     <span class='ocr_line' id='line_1_19' title="bbox 64 2198 1134 2282; baseline 0.006 -20"><span class='ocrx_word' id='word_1_170' title='bbox 64 2209 210 2262; x_wconf 88' lang='lat' dir='ltr'><strong>ettamen</strong></span> <span class='ocrx_word' id='word_1_171' title='bbox 234 2199 283 2260; x_wconf 90' lang='lat' dir='ltr'><strong>illa</strong></span> <span class='ocrx_word' id='word_1_172' title='bbox 302 2219 425 2280; x_wconf 90' lang='lat' dir='ltr'><strong>qnorum</strong></span> <span class='ocrx_word' id='word_1_173' title='bbox 446 2199 482 2260; x_wconf 85' lang='lat' dir='ltr'><strong>nd</strong></span> <span class='ocrx_word' id='word_1_174' title='bbox 504 2218 607 2280; x_wconf 87' lang='lat' dir='ltr'><strong>regem</strong></span> <span class='ocrx_word' id='word_1_175' title='bbox 624 2198 751 2281; x_wconf 89' lang='lat' dir='ltr'><strong>pertinet</strong></span> <span class='ocrx_word' id='word_1_176' title='bbox 767 2198 907 2261; x_wconf 88' lang='lat' dir='ltr'><strong>uniuersa</strong></span> <span class='ocrx_word' id='word_1_177' title='bbox 932 2202 1084 2282; x_wconf 87' lang='lat' dir='ltr'><strong>possessio</strong></span> <span class='ocrx_word' id='word_1_178' title='bbox 1103 2204 1134 2269; x_wconf 88' lang='lat' dir='ltr'><strong>iu</strong></span> 
     </span>
     <span class='ocr_line' id='line_1_20' title="bbox 61 2297 1134 2386; baseline 0.005 -25"><span class='ocrx_word' id='word_1_179' title='bbox 61 2300 193 2383; x_wconf 85' lang='lat' dir='ltr'><strong>singulos</strong></span> <span class='ocrx_word' id='word_1_180' title='bbox 217 2298 349 2361; x_wconf 89' lang='lat' dir='ltr'><strong>dominos</strong></span> <span class='ocrx_word' id='word_1_181' title='bbox 372 2297 516 2380; x_wconf 87' lang='lat' dir='ltr'><strong>descripta</strong></span> <span class='ocrx_word' id='word_1_182' title='bbox 537 2309 655 2361; x_wconf 86' lang='lat' dir='ltr'><strong>suntet</strong></span> <span class='ocrx_word' id='word_1_183' title='bbox 674 2318 864 2381; x_wconf 89' lang='lat' dir='ltr'><strong>unaquaeque</strong></span> <span class='ocrx_word' id='word_1_184' title='bbox 891 2319 939 2361; x_wconf 89' lang='lat' dir='ltr'><strong>res</strong></span> <span class='ocrx_word' id='word_1_185' title='bbox 955 2300 1044 2363; x_wconf 84' lang='lat' dir='ltr'><strong>habet</strong></span> <span class='ocrx_word' id='word_1_186' title='bbox 1065 2323 1134 2386; x_wconf 82' lang='lat' dir='ltr'><strong>pos·</strong></span> 
     </span>
     <span class='ocr_line' id='line_1_21' title="bbox 61 2393 1158 2483; baseline -0.002 -22"><span class='ocrx_word' id='word_1_187' title='bbox 61 2419 207 2461; x_wconf 86' lang='lat' dir='ltr'><strong>sessorem</strong></span> <span class='ocrx_word' id='word_1_188' title='bbox 233 2419 329 2460; x_wconf 89' lang='lat' dir='ltr'><strong>sunm.</strong></span> <span class='ocrx_word' id='word_1_189' title='bbox 374 2393 478 2479; x_wconf 91' lang='lat' dir='ltr'><strong>Itaque</strong></span> <span class='ocrx_word' id='word_1_190' title='bbox 501 2399 570 2459; x_wconf 91' lang='lat' dir='ltr'><strong>darc</strong></span> <span class='ocrx_word' id='word_1_191' title='bbox 591 2399 654 2480; x_wconf 85' lang='lat' dir='ltr'><strong>regi</strong></span> <span class='ocrx_word' id='word_1_192' title='bbox 675 2409 705 2460; x_wconf 88' lang='lat' dir='ltr'><strong>ct</strong></span> <span class='ocrx_word' id='word_1_193' title='bbox 727 2398 842 2460; x_wconf 90' lang='lat' dir='ltr'><strong>domum</strong></span> <span class='ocrx_word' id='word_1_194' title='bbox 859 2408 890 2460; x_wconf 90' lang='lat' dir='ltr'><strong>et</strong></span> <span class='ocrx_word' id='word_1_195' title='bbox 911 2399 1087 2483; x_wconf 86' lang='lat' dir='ltr'><strong>mancipium</strong></span> <span class='ocrx_word' id='word_1_196' title='bbox 1101 2413 1158 2466; x_wconf 82' lang='lat' dir='ltr'><strong>eta</strong></span> 
     </span>
     <span class='ocr_line' id='line_1_22' title="bbox 62 2497 1130 2584; baseline 0.006 -23"><span class='ocrx_word' id='word_1_197' title='bbox 62 2499 211 2582; x_wconf 89' lang='lat' dir='ltr'><strong>pecuniam</strong></span> <span class='ocrx_word' id='word_1_198' title='bbox 227 2518 401 2582; x_wconf 86' lang='lat' dir='ltr'><strong>possumus:</strong></span> <span class='ocrx_word' id='word_1_199' title='bbox 426 2517 480 2560; x_wconf 93' lang='lat' dir='ltr'><strong>uec</strong></span> <span class='ocrx_word' id='word_1_200' title='bbox 497 2498 607 2559; x_wconf 86' lang='lat' dir='ltr'><strong>donare</strong></span> <span class='ocrx_word' id='word_1_201' title='bbox 621 2497 663 2559; x_wconf 90' lang='lat' dir='ltr'><strong>illi</strong></span> <span class='ocrx_word' id='word_1_202' title='bbox 675 2498 711 2560; x_wconf 90' lang='lat' dir='ltr'><strong>de</strong></span> <span class='ocrx_word' id='word_1_203' title='bbox 727 2519 781 2561; x_wconf 90' lang='lat' dir='ltr'><strong>suc</strong></span> <span class='ocrx_word' id='word_1_204' title='bbox 797 2497 931 2561; x_wconf 84' lang='lat' dir='ltr'><strong>dicimur.</strong></span> <span class='ocrx_word' id='word_1_205' title='bbox 975 2498 1024 2564; x_wconf 84' lang='lat' dir='ltr'><strong>Ad</strong></span> <span class='ocrx_word' id='word_1_206' title='bbox 1041 2521 1130 2584; x_wconf 79' lang='lat' dir='ltr'><strong>reges</strong></span> 
     </span>
     <span class='ocr_line' id='line_1_23' title="bbox 61 2586 1131 2681; baseline 0.007 -21"><span class='ocrx_word' id='word_1_207' title='bbox 61 2598 281 2681; x_wconf 89' lang='lat' dir='ltr'><strong>enimpotestas</strong></span> <span class='ocrx_word' id='word_1_208' title='bbox 299 2599 427 2661; x_wconf 89' lang='lat' dir='ltr'><strong>omnium</strong></span> <span class='ocrx_word' id='word_1_209' title='bbox 443 2597 589 2680; x_wconf 90' lang='lat' dir='ltr'><strong>pertinet,</strong></span> <span class='ocrx_word' id='word_1_210' title='bbox 613 2598 649 2660; x_wconf 86' lang='lat' dir='ltr'><strong>ad</strong></span> <span class='ocrx_word' id='word_1_211' title='bbox 667 2598 799 2681; x_wconf 80' lang='lat' dir='ltr'><strong>singulos</strong></span> <span class='ocrx_word' id='word_1_212' title='bbox 819 2586 993 2681; x_wconf 75' lang='lat' dir='ltr'><strong>proprietas.</strong></span> <span class='ocrx_word' id='word_1_213' title='bbox 1036 2597 1131 2667; x_wconf 86' lang='lat' dir='ltr'><strong>Fines</strong></span> 
     </span>
     <span class='ocr_line' id='line_1_24' title="bbox 59 2694 1133 2781; baseline 0.005 -21"><span class='ocrx_word' id='word_1_214' title='bbox 59 2696 282 2761; x_wconf 81' lang='lat' dir='ltr'><strong>Atheniensium</strong></span> <span class='ocrx_word' id='word_1_215' title='bbox 307 2708 358 2761; x_wconf 88' lang='lat' dir='ltr'><strong>ant</strong></span> <span class='ocrx_word' id='word_1_216' title='bbox 375 2694 590 2781; x_wconf 87' lang='lat' dir='ltr'><strong>Campanorum</strong></span> <span class='ocrx_word' id='word_1_217' title='bbox 614 2719 751 2760; x_wconf 82' lang='lat' dir='ltr'><strong>noconius</strong></span> <span class='ocrx_word' id='word_1_218' title='bbox 774 2716 848 2779; x_wconf 90' lang='lat' dir='ltr'><strong>qnos</strong></span> <span class='ocrx_word' id='word_1_219' title='bbox 872 2696 977 2757; x_wconf 92' lang='lat' dir='ltr'><strong>deiude</strong></span> <span class='ocrx_word' id='word_1_220' title='bbox 1000 2697 1079 2760; x_wconf 91' lang='lat' dir='ltr'><strong>inter</strong></span> <span class='ocrx_word' id='word_1_221' title='bbox 1099 2722 1133 2765; x_wconf 86' lang='lat' dir='ltr'><strong>se</strong></span> 
     </span>
     <span class='ocr_line' id='line_1_25' title="bbox 59 2794 1136 2882; baseline 0 -22"><span class='ocrx_word' id='word_1_222' title='bbox 59 2797 148 2860; x_wconf 89' lang='lat' dir='ltr'><strong>uicini</strong></span> <span class='ocrx_word' id='word_1_223' title='bbox 165 2799 276 2882; x_wconf 90' lang='lat' dir='ltr'><strong>priuata</strong></span> <span class='ocrx_word' id='word_1_224' title='bbox 300 2797 506 2861; x_wconf 88' lang='lat' dir='ltr'><strong>terminatione</strong></span> <span class='ocrx_word' id='word_1_225' title='bbox 524 2797 717 2880; x_wconf 86' lang='lat' dir='ltr'><strong>distinguunt.</strong></span> <span class='ocrx_word' id='word_1_226' title='bbox 748 2807 778 2858; x_wconf 89' lang='lat' dir='ltr'><strong>et</strong></span> <span class='ocrx_word' id='word_1_227' title='bbox 794 2804 873 2856; x_wconf 88' lang='lat' dir='ltr'><strong>totns</strong></span> <span class='ocrx_word' id='word_1_228' title='bbox 897 2814 968 2875; x_wconf 87' lang='lat' dir='ltr'><strong>ager</strong></span> <span class='ocrx_word' id='word_1_229' title='bbox 986 2794 1064 2861; x_wconf 90' lang='lat' dir='ltr'><strong>illius</strong></span> <span class='ocrx_word' id='word_1_230' title='bbox 1084 2809 1136 2860; x_wconf 87' lang='lat' dir='ltr'><strong>nut</strong></span> 
     </span>
     <span class='ocr_line' id='line_1_26' title="bbox 60 2895 1131 2981; baseline 0.002 -23"><span class='ocrx_word' id='word_1_231' title='bbox 60 2896 137 2960; x_wconf 88' lang='lat' dir='ltr'><strong>illius</strong></span> <span class='ocrx_word' id='word_1_232' title='bbox 155 2898 331 2981; x_wconf 85' lang='lat' dir='ltr'><strong>reipublicae</strong></span> <span class='ocrx_word' id='word_1_233' title='bbox 346 2906 409 2958; x_wconf 72' lang='lat' dir='ltr'><strong>ests</strong></span> <span class='ocrx_word' id='word_1_234' title='bbox 432 2916 499 2977; x_wconf 86' lang='lat' dir='ltr'><strong>pars</strong></span> <span class='ocrx_word' id='word_1_235' title='bbox 517 2896 621 2958; x_wconf 86' lang='lat' dir='ltr'><strong>deinde</strong></span> <span class='ocrx_word' id='word_1_236' title='bbox 634 2916 688 2957; x_wconf 91' lang='lat' dir='ltr'><strong>suo</strong></span> <span class='ocrx_word' id='word_1_237' title='bbox 704 2895 821 2959; x_wconf 90' lang='lat' dir='ltr'><strong>domino</strong></span> <span class='ocrx_word' id='word_1_238' title='bbox 838 2913 969 2977; x_wconf 85' lang='lat' dir='ltr'><strong>quaeque</strong></span> <span class='ocrx_word' id='word_1_239' title='bbox 982 2906 1131 2960; x_wconf 88' lang='lat' dir='ltr'><strong>censetur.</strong></span> 
     </span>
    </p>
   </div>
   <div class='ocr_carea' id='block_1_3' title="bbox 62 3027 1218 4277">
    <p class='ocr_par' dir='ltr' id='par_1_3' title="bbox 62 3027 1133 3277">
     <span class='ocr_line' id='line_1_27' title="bbox 62 3027 1133 3088; baseline -0.003 -12"><span class='ocrx_word' id='word_1_240' title='bbox 62 3030 248 3088; x_wconf 61' lang='lat' dir='ltr'><strong>tumultuosiore</strong></span> <span class='ocrx_word' id='word_1_241' title='bbox 264 3041 308 3073; x_wconf 86' lang='lat' dir='ltr'><strong>suu</strong></span> <span class='ocrx_word' id='word_1_242' title='bbox 322 3027 368 3074; x_wconf 78' lang='lat' dir='ltr'><strong>otili</strong></span> <span class='ocrx_word' id='word_1_243' title='bbox 383 3032 405 3071; x_wconf 86' lang='lat' dir='ltr'><strong>et</strong></span> <span class='ocrx_word' id='word_1_244' title='bbox 419 3040 485 3073; x_wconf 64' lang='lat' dir='ltr'><strong>sanine</strong></span> <span class='ocrx_word' id='word_1_245' title='bbox 499 3027 583 3071; x_wconf 77' lang='lat' dir='ltr'><strong>dumc—</strong></span> <span class='ocrx_word' id='word_1_246' title='bbox 614 3039 681 3074; x_wconf 84' lang='lat' dir='ltr'><strong>nmno</strong></span> <span class='ocrx_word' id='word_1_247' title='bbox 699 3051 729 3062; x_wconf 93' lang='lat'>-</span> <span class='ocrx_word' id='word_1_248' title='bbox 747 3029 783 3073; x_wconf 79' lang='lat' dir='ltr'><strong>itti</strong></span> <span class='ocrx_word' id='word_1_249' title='bbox 804 3031 945 3076; x_wconf 85' lang='lat' dir='ltr'><strong>communio.</strong></span> <span class='ocrx_word' id='word_1_250' title='bbox 980 3029 1051 3078; x_wconf 86' lang='lat' dir='ltr'><strong>T-</strong></span> <span class='ocrx_word' id='word_1_251' title='bbox 1069 3034 1133 3081; x_wconf 67' lang='lat' dir='ltr'><strong>litun</strong></span> 
     </span>
     <span class='ocr_line' id='line_1_28' title="bbox 62 3087 1131 3154; baseline -0.003 -13"><span class='ocrx_word' id='word_1_252' title='bbox 62 3108 121 3142; x_wconf 89' lang='lat' dir='ltr'><strong>num</strong></span> <span class='ocrx_word' id='word_1_253' title='bbox 144 3107 216 3154; x_wconf 72' lang='lat' dir='ltr'><strong>penus</strong></span> <span class='ocrx_word' id='word_1_254' title='bbox 238 3094 303 3151; x_wconf 74' lang='lat' dir='ltr'><strong>infra</strong></span> <span class='ocrx_word' id='word_1_255' title='bbox 326 3106 350 3138; x_wconf 81' lang='lat' dir='ltr'><strong>se</strong></span> <span class='ocrx_word' id='word_1_256' title='bbox 375 3093 442 3137; x_wconf 81' lang='lat' dir='ltr'><strong>uidet.</strong></span> <span class='ocrx_word' id='word_1_257' title='bbox 483 3092 585 3149; x_wconf 71' lang='lat' dir='ltr'><strong>tepentis</strong></span> <span class='ocrx_word' id='word_1_258' title='bbox 615 3092 764 3150; x_wconf 69' lang='lat' dir='ltr'><strong>montbet-</strong></span> <span class='ocrx_word' id='word_1_259' title='bbox 782 3087 826 3151; x_wconf 64' lang='lat' dir='ltr'><strong>qi.</strong></span> <span class='ocrx_word' id='word_1_260' title='bbox 844 3096 1039 3153; x_wconf 77' lang='lat' dir='ltr'><strong>c1.intetlepunt.</strong></span> <span class='ocrx_word' id='word_1_261' title='bbox 1063 3098 1131 3148; x_wconf 63' lang='grc' dir='ltr'><strong>ῃ.-</strong></span> 
     </span>
     <span class='ocr_line' id='line_1_29' title="bbox 62 3154 1131 3222; baseline -0.009 -12"><span class='ocrx_word' id='word_1_262' title='bbox 62 3163 159 3222; x_wconf 80' lang='lat' dir='ltr'><strong>spim&#39;tus</strong></span> <span class='ocrx_word' id='word_1_263' title='bbox 173 3165 206 3207; x_wconf 84' lang='lat' dir='ltr'><strong>est</strong></span> <span class='ocrx_word' id='word_1_264' title='bbox 221 3161 320 3206; x_wconf 84' lang='lat' dir='ltr'><strong>einittcre</strong></span> <span class='ocrx_word' id='word_1_265' title='bbox 335 3158 395 3203; x_wconf 80' lang='lat' dir='ltr'><strong>dunc</strong></span> <span class='ocrx_word' id='word_1_266' title='bbox 410 3169 504 3203; x_wconf 82' lang='lat' dir='ltr'><strong>nocem:</strong></span> <span class='ocrx_word' id='word_1_267' title='bbox 522 3156 585 3202; x_wconf 82' lang='lat' dir='ltr'><strong>llaec</strong></span> <span class='ocrx_word' id='word_1_268' title='bbox 618 3154 665 3205; x_wconf 68' lang='lat' dir='ltr'><strong>tt&#39;l.</strong></span> <span class='ocrx_word' id='word_1_269' title='bbox 675 3180 706 3189; x_wconf 90' lang='lat'>-</span> <span class='ocrx_word' id='word_1_270' title='bbox 717 3159 737 3200; x_wconf 86' lang='lat' dir='ltr'><strong>et</strong></span> <span class='ocrx_word' id='word_1_271' title='bbox 753 3156 956 3211; x_wconf 79' lang='lat' dir='ltr'><strong>sapientiscontra</strong></span> <span class='ocrx_word' id='word_1_272' title='bbox 964 3166 1042 3206; x_wconf 81' lang='lat' dir='ltr'><strong>mstos</strong></span> <span class='ocrx_word' id='word_1_273' title='bbox 1055 3159 1131 3207; x_wconf 70' lang='lat' dir='ltr'><strong>etiam</strong></span> 
     </span>
     <span class='ocr_line' id='line_1_30' title="bbox 63 3218 685 3277; baseline -0.019 -1"><span class='ocrx_word' id='word_1_274' title='bbox 63 3229 144 3276; x_wconf 77' lang='lat' dir='ltr'><strong>mnino</strong></span> <span class='ocrx_word' id='word_1_275' title='bbox 158 3236 205 3275; x_wconf 89' lang='lat' dir='ltr'><strong>etc.</strong></span> <span class='ocrx_word' id='word_1_276' title='bbox 241 3225 437 3277; x_wconf 72' lang='lat' dir='ltr'><strong>it-tt=ame</strong></span> <span class='ocrx_word' id='word_1_277' title='bbox 453 3222 566 3269; x_wconf 86' lang='lat' dir='ltr'><strong>tumulto.</strong></span> <span class='ocrx_word' id='word_1_278' title='bbox 616 3218 685 3268; x_wconf 87' lang='lat' dir='ltr'><strong>Pinc.</strong></span> 
     </span>
    </p>

    <p class='ocr_par' dir='ltr' id='par_1_4' title="bbox 64 3280 1133 3557">
     <span class='ocr_line' id='line_1_31' title="bbox 97 3280 1132 3351; baseline -0.013 -8"><span class='ocrx_word' id='word_1_279' title='bbox 97 3296 122 3343; x_wconf 79' lang='lat'><strong>4.</strong></span> <span class='ocrx_word' id='word_1_280' title='bbox 140 3293 163 3343; x_wconf 80' lang='lat' dir='ltr'><strong>ll</strong></span> <span class='ocrx_word' id='word_1_281' title='bbox 178 3315 212 3335; x_wconf 90' lang='lat'>=</span> <span class='ocrx_word' id='word_1_282' title='bbox 229 3294 353 3341; x_wconf 81' lang='lat' dir='ltr'><strong>latissime</strong></span> <span class='ocrx_word' id='word_1_283' title='bbox 373 3291 458 3351; x_wconf 71' lang='lat' dir='ltr'><strong>[stridit.</strong></span> <span class='ocrx_word' id='word_1_284' title='bbox 483 3287 515 3335; x_wconf 87' lang='lat' dir='ltr'><strong>dc</strong></span> <span class='ocrx_word' id='word_1_285' title='bbox 534 3302 583 3350; x_wconf 92' lang='lat' dir='ltr'><strong>qno</strong></span> <span class='ocrx_word' id='word_1_286' title='bbox 650 3290 671 3335; x_wconf 83' lang='lat' dir='ltr'><strong>el</strong></span> <span class='ocrx_word' id='word_1_287' title='bbox 688 3286 786 3333; x_wconf 81' lang='lat' dir='ltr'><strong>etium</strong></span> <span class='ocrx_word' id='word_1_288' title='bbox 801 3285 851 3331; x_wconf 82' lang='lat' dir='ltr'><strong>eius</strong></span> <span class='ocrx_word' id='word_1_289' title='bbox 865 3303 899 3325; x_wconf 91' lang='lat'><em>=</em></span> <span class='ocrx_word' id='word_1_290' title='bbox 915 3280 1058 3338; x_wconf 58' lang='lat' dir='ltr'><strong>recolet</strong></span> <span class='ocrx_word' id='word_1_291' title='bbox 1071 3288 1132 3338; x_wconf 69' lang='lat' dir='ltr'><strong>-ut</strong></span> 
     </span>
     <span class='ocr_line' id='line_1_32' title="bbox 65 3346 1133 3419; baseline -0.011 -9"><span class='ocrx_word' id='word_1_292' title='bbox 65 3360 130 3410; x_wconf 83' lang='lat' dir='ltr'><strong>vide.</strong></span> <span class='ocrx_word' id='word_1_293' title='bbox 165 3361 260 3419; x_wconf 73' lang='lat' dir='ltr'><strong>It÷itei</strong></span> <span class='ocrx_word' id='word_1_294' title='bbox 278 3360 355 3408; x_wconf 80' lang='lat' dir='ltr'><strong>rocem</strong></span> <span class='ocrx_word' id='word_1_295' title='bbox 373 3362 423 3404; x_wconf 82' lang='lat' dir='ltr'><strong>cst.</strong></span> <span class='ocrx_word' id='word_1_296' title='bbox 460 3353 582 3404; x_wconf 82' lang='lat' dir='ltr'><strong>Codlur.</strong></span> <span class='ocrx_word' id='word_1_297' title='bbox 616 3352 668 3408; x_wconf 61' lang='grc' dir='ltr'><strong>Μ.</strong></span> <span class='ocrx_word' id='word_1_298' title='bbox 729 3349 799 3399; x_wconf 79' lang='lat' dir='ltr'><strong>1th</strong></span> <span class='ocrx_word' id='word_1_299' title='bbox 815 3348 876 3398; x_wconf 79' lang='lat' dir='ltr'><strong>Nae.</strong></span> <span class='ocrx_word' id='word_1_300' title='bbox 892 3346 936 3399; x_wconf 74' lang='lat' dir='ltr'><strong>Pa.</strong></span> <span class='ocrx_word' id='word_1_301' title='bbox 955 3375 988 3387; x_wconf 91' lang='lat'><em>-</em></span> <span class='ocrx_word' id='word_1_302' title='bbox 1002 3356 1031 3399; x_wconf 85' lang='lat' dir='ltr'><strong>et.</strong></span> <span class='ocrx_word' id='word_1_303' title='bbox 1065 3350 1133 3401; x_wconf 84' lang='lat' dir='ltr'><strong>Pinc.</strong></span> 
     </span>
     <span class='ocr_line' id='line_1_33' title="bbox 67 3415 1133 3488; baseline -0.012 -10"><span class='ocrx_word' id='word_1_304' title='bbox 67 3427 460 3488; x_wconf 65' lang='lat' dir='ltr'><strong>luiniltilsapienscupict.</strong></span> <span class='ocrx_word' id='word_1_305' title='bbox 495 3422 577 3487; x_wconf 62' lang='lat' dir='ltr'><strong>Risu&gt;</strong></span> <span class='ocrx_word' id='word_1_306' title='bbox 617 3416 1049 3485; x_wconf 69' lang='lat' dir='ltr'><strong>r.l.(?lOEl.-llltt&gt;b&#39;d-etiom.</strong></span> <span class='ocrx_word' id='word_1_307' title='bbox 1086 3415 1133 3470; x_wconf 62' lang='lat' dir='ltr'><strong>(ll.</strong></span> 
     </span>
     <span class='ocr_line' id='line_1_34' title="bbox 64 3484 1133 3557; baseline -0.016 -12"><span class='ocrx_word' id='word_1_308' title='bbox 64 3496 96 3545; x_wconf 83' lang='lat' dir='ltr'><strong>ul.</strong></span> <span class='ocrx_word' id='word_1_309' title='bbox 112 3498 156 3557; x_wconf 78' lang='lat' dir='ltr'><strong>m.)</strong></span> <span class='ocrx_word' id='word_1_310' title='bbox 170 3523 205 3534; x_wconf 98' lang='lat'>-</span> <span class='ocrx_word' id='word_1_311' title='bbox 221 3501 253 3544; x_wconf 82' lang='lat' dir='ltr'><strong>eet</strong></span> <span class='ocrx_word' id='word_1_312' title='bbox 270 3502 327 3542; x_wconf 87' lang='lat' dir='ltr'><strong>aute</strong></span> <span class='ocrx_word' id='word_1_313' title='bbox 345 3497 411 3540; x_wconf 77' lang='lat' dir='ltr'><strong>extro</strong></span> <span class='ocrx_word' id='word_1_314' title='bbox 429 3494 515 3540; x_wconf 83' lang='lat' dir='ltr'><strong>omnin.</strong></span> <span class='ocrx_word' id='word_1_315' title='bbox 616 3488 641 3540; x_wconf 78' lang='lat'><strong>2.</strong></span> <span class='ocrx_word' id='word_1_316' title='bbox 655 3496 681 3545; x_wconf 78' lang='lat' dir='ltr'><strong>-l-</strong></span> <span class='ocrx_word' id='word_1_317' title='bbox 694 3491 722 3535; x_wconf 85' lang='lat' dir='ltr'><strong>et</strong></span> <span class='ocrx_word' id='word_1_318' title='bbox 746 3488 813 3533; x_wconf 84' lang='lat' dir='ltr'><strong>eius</strong></span> <span class='ocrx_word' id='word_1_319' title='bbox 837 3487 875 3533; x_wconf 85' lang='lat' dir='ltr'><strong>cui</strong></span> <span class='ocrx_word' id='word_1_320' title='bbox 896 3486 987 3533; x_wconf 86' lang='lat' dir='ltr'><strong>dutum.</strong></span> <span class='ocrx_word' id='word_1_321' title='bbox 1021 3484 1055 3536; x_wconf 65' lang='lat' dir='ltr'><strong>dil</strong></span> <span class='ocrx_word' id='word_1_322' title='bbox 1074 3493 1133 3549; x_wconf 76' lang='lat' dir='ltr'><strong>pose.</strong></span> 
     </span>
    </p>

    <p class='ocr_par' dir='ltr' id='par_1_5' title="bbox 65 3550 1136 4021">
     <span class='ocr_line' id='line_1_35' title="bbox 266 3550 1130 3623; baseline -0.012 -16"><span class='ocrx_word' id='word_1_323' title='bbox 266 3562 324 3623; x_wconf 82' lang='lat' dir='ltr'><strong>Cup.</strong></span> <span class='ocrx_word' id='word_1_324' title='bbox 343 3560 385 3606; x_wconf 84' lang='lat' dir='ltr'><strong>tv.</strong></span> <span class='ocrx_word' id='word_1_325' title='bbox 616 3558 767 3618; x_wconf 82' lang='lat' dir='ltr'><strong>odsipnctnm</strong></span> <span class='ocrx_word' id='word_1_326' title='bbox 783 3557 814 3600; x_wconf 82' lang='lat' dir='ltr'><strong>est</strong></span> <span class='ocrx_word' id='word_1_327' title='bbox 830 3550 904 3599; x_wconf 83' lang='lat' dir='ltr'><strong>habet</strong></span> <span class='ocrx_word' id='word_1_328' title='bbox 927 3553 966 3600; x_wconf 83' lang='lat' dir='ltr'><strong>Sic</strong></span> <span class='ocrx_word' id='word_1_329' title='bbox 989 3553 1070 3599; x_wconf 77' lang='lat' dir='ltr'><strong>omnio</strong></span> <span class='ocrx_word' id='word_1_330' title='bbox 1090 3566 1130 3598; x_wconf 86' lang='lat' dir='ltr'><strong>sc-</strong></span> 
     </span>
     <span class='ocr_line' id='line_1_36' title="bbox 66 3613 1133 3685; baseline -0.014 -7"><span class='ocrx_word' id='word_1_331' title='bbox 66 3617 69 3621; x_wconf 37' lang='lat'><em>*</em></span> <span class='ocrx_word' id='word_1_332' title='bbox 102 3625 301 3677; x_wconf 66' lang='lat' dir='ltr'><strong>m-uu-ee</strong></span> <span class='ocrx_word' id='word_1_333' title='bbox 315 3633 372 3671; x_wconf 83' lang='lat' dir='ltr'><strong>autc</strong></span> <span class='ocrx_word' id='word_1_334' title='bbox 387 3627 423 3673; x_wconf 79' lang='lat' dir='ltr'><strong>liis</strong></span> <span class='ocrx_word' id='word_1_335' title='bbox 439 3628 536 3685; x_wconf 75' lang='lat' dir='ltr'><strong>laqueis.</strong></span> <span class='ocrx_word' id='word_1_336' title='bbox 561 3624 584 3673; x_wconf 91' lang='lat' dir='ltr'>T</span> <span class='ocrx_word' id='word_1_337' title='bbox 615 3625 699 3683; x_wconf 77' lang='lat' dir='ltr'><strong>plantis</strong></span> <span class='ocrx_word' id='word_1_338' title='bbox 716 3647 748 3658; x_wconf 91' lang='lat'><em>-</em></span> <span class='ocrx_word' id='word_1_339' title='bbox 765 3620 894 3668; x_wconf 83' lang='lat' dir='ltr'><strong>dominium</strong></span> <span class='ocrx_word' id='word_1_340' title='bbox 915 3620 1000 3666; x_wconf 76' lang='lat' dir='ltr'><strong>intent</strong></span> <span class='ocrx_word' id='word_1_341' title='bbox 1017 3633 1047 3665; x_wconf 86' lang='lat' dir='ltr'><strong>cx</strong></span> <span class='ocrx_word' id='word_1_342' title='bbox 1061 3617 1093 3671; x_wconf 82' lang='lat' dir='ltr'><strong>V,</strong></span> <span class='ocrx_word' id='word_1_343' title='bbox 1110 3613 1133 3663; x_wconf 90' lang='lat'><strong>1.</strong></span> 
     </span>
     <span class='ocr_line' id='line_1_37' title="bbox 67 3680 1132 3749; baseline -0.004 -15"><span class='ocrx_word' id='word_1_344' title='bbox 67 3695 155 3737; x_wconf 85' lang='lat' dir='ltr'><strong>=tna</strong></span> <span class='ocrx_word' id='word_1_345' title='bbox 169 3693 268 3749; x_wconf 81' lang='lat' dir='ltr'><strong>sponde</strong></span> <span class='ocrx_word' id='word_1_346' title='bbox 285 3692 407 3737; x_wconf 79' lang='lat' dir='ltr'><strong>incidisti.</strong></span> <span class='ocrx_word' id='word_1_347' title='bbox 436 3692 586 3739; x_wconf 81' lang='lat' dir='ltr'><strong>E=Dicee</strong></span> <span class='ocrx_word' id='word_1_348' title='bbox 617 3685 807 3746; x_wconf 84' lang='lat' dir='ltr'><strong>huctrnuslutn,</strong></span> <span class='ocrx_word' id='word_1_349' title='bbox 824 3680 1132 3733; x_wconf 81' lang='lat' dir='ltr'><strong>uectunreuillicomissn.</strong></span> 
     </span>
     <span class='ocr_line' id='line_1_38' title="bbox 66 3752 1133 3815; baseline -0.013 -6"><span class='ocrx_word' id='word_1_350' title='bbox 66 3756 144 3808; x_wconf 76' lang='lat' dir='ltr'><strong>michi·</strong></span> <span class='ocrx_word' id='word_1_351' title='bbox 164 3757 322 3815; x_wconf 76' lang='lat' dir='ltr'><strong>Ouotttodo</strong></span> <span class='ocrx_word' id='word_1_352' title='bbox 338 3769 411 3814; x_wconf 69' lang='lat' dir='ltr'><strong>eron</strong></span> <span class='ocrx_word' id='word_1_353' title='bbox 425 3761 504 3814; x_wconf 77' lang='lat' dir='ltr'><strong>potest.</strong></span> <span class='ocrx_word' id='word_1_354' title='bbox 521 3757 585 3803; x_wconf 66' lang='lat' dir='ltr'><strong>T:</strong></span> <span class='ocrx_word' id='word_1_355' title='bbox 651 3754 676 3805; x_wconf 85' lang='lat'><strong>3.</strong></span> <span class='ocrx_word' id='word_1_356' title='bbox 695 3755 719 3801; x_wconf 85' lang='lat' dir='ltr'>H</span> <span class='ocrx_word' id='word_1_357' title='bbox 736 3775 770 3795; x_wconf 88' lang='lat'><em>=</em></span> <span class='ocrx_word' id='word_1_358' title='bbox 786 3757 806 3801; x_wconf 85' lang='lat' dir='ltr'><strong>et</strong></span> <span class='ocrx_word' id='word_1_359' title='bbox 822 3754 921 3800; x_wconf 80' lang='lat' dir='ltr'><strong>donum</strong></span> <span class='ocrx_word' id='word_1_360' title='bbox 939 3756 959 3797; x_wconf 87' lang='lat' dir='ltr'><strong>ct</strong></span> <span class='ocrx_word' id='word_1_361' title='bbox 980 3752 1133 3809; x_wconf 81' lang='lat' dir='ltr'><strong>mancipium.</strong></span> 
     </span>
     <span class='ocr_line' id='line_1_39' title="bbox 66 3817 1135 3892; baseline -0.01 -19"><span class='ocrx_word' id='word_1_362' title='bbox 66 3826 219 3892; x_wconf 84' lang='lat' dir='ltr'><strong>quomodo</strong></span> <span class='ocrx_word' id='word_1_363' title='bbox 231 3826 308 3890; x_wconf 86' lang='lat' dir='ltr'><strong>potest</strong></span> <span class='ocrx_word' id='word_1_364' title='bbox 328 3821 421 3879; x_wconf 85' lang='lat' dir='ltr'><strong>uliquis.</strong></span> <span class='ocrx_word' id='word_1_365' title='bbox 453 3822 587 3869; x_wconf 82' lang='lat' dir='ltr'><strong>T-Num</strong></span> <span class='ocrx_word' id='word_1_366' title='bbox 619 3819 977 3874; x_wconf 71' lang='lat' dir='ltr'><strong>ut—e=men0narcuu.</strong></span> <span class='ocrx_word' id='word_1_367' title='bbox 1012 3817 1135 3864; x_wconf 82' lang='lat' dir='ltr'><strong>E=du·</strong></span> 
     </span>
     <span class='ocr_line' id='line_1_40' title="bbox 67 3884 1134 3952; baseline -0.013 -11"><span class='ocrx_word' id='word_1_368' title='bbox 67 3895 93 3941; x_wconf 88' lang='lat' dir='ltr'><strong>id</strong></span> <span class='ocrx_word' id='word_1_369' title='bbox 109 3917 144 3938; x_wconf 93' lang='lat'><strong>·.-</strong></span> <span class='ocrx_word' id='word_1_370' title='bbox 160 3891 295 3952; x_wconf 71' lang='lat' dir='ltr'><strong>beneficium</strong></span> <span class='ocrx_word' id='word_1_371' title='bbox 317 3888 424 3947; x_wconf 80' lang='lat' dir='ltr'><strong>sapienti.</strong></span> <span class='ocrx_word' id='word_1_372' title='bbox 463 3886 532 3933; x_wconf 73' lang='lat'><strong>13=</strong></span> <span class='ocrx_word' id='word_1_373' title='bbox 547 3900 586 3935; x_wconf 83' lang='lat' dir='ltr'><strong>so·</strong></span> <span class='ocrx_word' id='word_1_374' title='bbox 617 3900 647 3935; x_wconf 85' lang='lat' dir='ltr'><strong>re</strong></span> <span class='ocrx_word' id='word_1_375' title='bbox 663 3889 705 3935; x_wconf 86' lang='lat' dir='ltr'><strong>itti.</strong></span> <span class='ocrx_word' id='word_1_376' title='bbox 741 3886 880 3934; x_wconf 80' lang='lat' dir='ltr'><strong>Gvet1=</strong></span> <span class='ocrx_word' id='word_1_377' title='bbox 895 3884 931 3931; x_wconf 78' lang='lat' dir='ltr'><strong>Ad</strong></span> <span class='ocrx_word' id='word_1_378' title='bbox 952 3896 1042 3945; x_wconf 75' lang='lat' dir='ltr'><strong>repam</strong></span> <span class='ocrx_word' id='word_1_379' title='bbox 1065 3884 1134 3930; x_wconf 84' lang='lat' dir='ltr'><strong>enim.</strong></span> 
     </span>
     <span class='ocr_line' id='line_1_41' title="bbox 65 3949 1136 4021; baseline -0.015 -12"><span class='ocrx_word' id='word_1_380' title='bbox 65 3960 137 4021; x_wconf 81' lang='lat' dir='ltr'><strong>piemi</strong></span> <span class='ocrx_word' id='word_1_381' title='bbox 151 3971 219 4019; x_wconf 79' lang='lat' dir='ltr'><strong>posse</strong></span> <span class='ocrx_word' id='word_1_382' title='bbox 236 3957 317 4005; x_wconf 87' lang='lat' dir='ltr'><strong>duri.</strong></span> <span class='ocrx_word' id='word_1_383' title='bbox 618 3952 644 3999; x_wconf 83' lang='lat' dir='ltr'>H</span> <span class='ocrx_word' id='word_1_384' title='bbox 657 3952 836 4002; x_wconf 81' lang='lat' dir='ltr'><strong>Verd.&#39;1&#39;ronc.</strong></span> <span class='ocrx_word' id='word_1_385' title='bbox 848 3949 1136 4009; x_wconf 69' lang='lat' dir='ltr'><strong>emt==propremten</strong></span> 
     </span>
    </p>

    <p class='ocr_par' dir='ltr' id='par_1_6' title="bbox 65 4011 1218 4277">
     <span class='ocr_line' id='line_1_42' title="bbox 100 4011 1135 4089; baseline -0.012 -17"><span class='ocrx_word' id='word_1_386' title='bbox 100 4024 124 4071; x_wconf 76' lang='lat'><strong>2.</strong></span> <span class='ocrx_word' id='word_1_387' title='bbox 144 4025 163 4071; x_wconf 89' lang='lat' dir='ltr'>E</span> <span class='ocrx_word' id='word_1_388' title='bbox 181 4040 228 4089; x_wconf 88' lang='lat' dir='ltr'><strong>pro</strong></span> <span class='ocrx_word' id='word_1_389' title='bbox 242 4019 324 4071; x_wconf 83' lang='lat' dir='ltr'><strong>verbis</strong></span> <span class='ocrx_word' id='word_1_390' title='bbox 340 4021 405 4069; x_wconf 83' lang='lat' dir='ltr'><strong>idem</strong></span> <span class='ocrx_word' id='word_1_391' title='bbox 421 4043 455 4054; x_wconf 91' lang='lat'><strong>·-</strong></span> <span class='ocrx_word' id='word_1_392' title='bbox 472 4018 585 4078; x_wconf 80' lang='lat' dir='ltr'><strong>udsipno·</strong></span> <span class='ocrx_word' id='word_1_393' title='bbox 618 4018 758 4067; x_wconf 80' lang='lat' dir='ltr'><strong>E-Fu&#39;nea</strong></span> <span class='ocrx_word' id='word_1_394' title='bbox 773 4019 943 4066; x_wconf 74' lang='lat' dir='ltr'><strong>Atheniensium</strong></span> <span class='ocrx_word' id='word_1_395' title='bbox 961 4041 990 4050; x_wconf 94' lang='lat'><em>-</em></span> <span class='ocrx_word' id='word_1_396' title='bbox 1008 4014 1039 4074; x_wconf 85' lang='lat' dir='ltr'><strong>V,</strong></span> <span class='ocrx_word' id='word_1_397' title='bbox 1058 4011 1080 4061; x_wconf 85' lang='lat' dir='ltr'><strong>l.</strong></span> <span class='ocrx_word' id='word_1_398' title='bbox 1098 4026 1135 4060; x_wconf 89' lang='lat' dir='ltr'><strong>me</strong></span> 
     </span>
     <span class='ocr_line' id='line_1_43' title="bbox 66 4079 1136 4148; baseline -0.015 -8"><span class='ocrx_word' id='word_1_399' title='bbox 66 4098 116 4140; x_wconf 88' lang='lat' dir='ltr'><strong>tum</strong></span> <span class='ocrx_word' id='word_1_400' title='bbox 129 4096 163 4139; x_wconf 86' lang='lat' dir='ltr'><strong>est</strong></span> <span class='ocrx_word' id='word_1_401' title='bbox 176 4088 252 4139; x_wconf 84' lang='lat' dir='ltr'><strong>habet</strong></span> <span class='ocrx_word' id='word_1_402' title='bbox 262 4092 303 4138; x_wconf 81' lang='lat' dir='ltr'><strong>Sic</strong></span> <span class='ocrx_word' id='word_1_403' title='bbox 319 4089 399 4137; x_wconf 89' lang='lat' dir='ltr'><strong>omm&#39;a</strong></span> <span class='ocrx_word' id='word_1_404' title='bbox 413 4087 525 4148; x_wconf 81' lang='lat' dir='ltr'><strong>sapientis</strong></span> <span class='ocrx_word' id='word_1_405' title='bbox 539 4097 586 4132; x_wconf 79' lang='lat' dir='ltr'><strong>esse</strong></span> <span class='ocrx_word' id='word_1_406' title='bbox 618 4096 685 4143; x_wconf 84' lang='lat' dir='ltr'><strong>posse</strong></span> <span class='ocrx_word' id='word_1_407' title='bbox 698 4084 908 4143; x_wconf 79' lang='lat' dir='ltr'><strong>donure&#39;scptenti.</strong></span> <span class='ocrx_word' id='word_1_408' title='bbox 942 4081 1008 4130; x_wconf 74' lang='lat' dir='ltr'><strong>st-</strong></span> <span class='ocrx_word' id='word_1_409' title='bbox 1016 4079 1063 4133; x_wconf 77' lang='lat' dir='ltr'><strong>et.</strong></span> <span class='ocrx_word' id='word_1_410' title='bbox 1074 4106 1102 4115; x_wconf 90' lang='lat'>-</span> <span class='ocrx_word' id='word_1_411' title='bbox 1114 4084 1136 4126; x_wconf 83' lang='lat' dir='ltr'><strong>et</strong></span> 
     </span>
     <span class='ocr_line' id='line_1_44' title="bbox 66 4149 1043 4210; baseline -0.01 -6"><span class='ocrx_word' id='word_1_412' title='bbox 66 4183 99 4195; x_wconf 92' lang='lat'>-</span> <span class='ocrx_word' id='word_1_413' title='bbox 117 4158 245 4205; x_wconf 75' lang='lat' dir='ltr'><strong>dominium</strong></span> <span class='ocrx_word' id='word_1_414' title='bbox 268 4158 352 4204; x_wconf 77' lang='lat' dir='ltr'><strong>nutent</strong></span> <span class='ocrx_word' id='word_1_415' title='bbox 375 4169 406 4200; x_wconf 83' lang='lat' dir='ltr'><strong>ex</strong></span> <span class='ocrx_word' id='word_1_416' title='bbox 428 4152 467 4209; x_wconf 85' lang='lat' dir='ltr'><strong>V,</strong></span> <span class='ocrx_word' id='word_1_417' title='bbox 490 4149 511 4199; x_wconf 87' lang='lat'><strong>1.</strong></span> <span class='ocrx_word' id='word_1_418' title='bbox 537 4149 586 4198; x_wconf 81' lang='lat' dir='ltr'><strong>huc</strong></span> <span class='ocrx_word' id='word_1_419' title='bbox 618 4155 678 4198; x_wconf 84' lang='lat' dir='ltr'><strong>totus</strong></span> <span class='ocrx_word' id='word_1_420' title='bbox 694 4162 750 4210; x_wconf 74' lang='lat' dir='ltr'><strong>uper</strong></span> <span class='ocrx_word' id='word_1_421' title='bbox 768 4175 798 4184; x_wconf 92' lang='lat'><em>-</em></span> <span class='ocrx_word' id='word_1_422' title='bbox 815 4160 918 4208; x_wconf 78' lang='lat' dir='ltr'><strong>quaeque</strong></span> <span class='ocrx_word' id='word_1_423' title='bbox 934 4150 1043 4196; x_wconf 78' lang='lat' dir='ltr'><strong>censetur.</strong></span> 
     </span>
     <span class='ocr_line' id='line_1_45' title="bbox 65 4208 1218 4277; baseline -0.01 -5"><span class='ocrx_word' id='word_1_424' title='bbox 65 4220 193 4272; x_wconf 81' lang='lat' dir='ltr'><strong>translata.</strong></span> <span class='ocrx_word' id='word_1_425' title='bbox 226 4221 354 4272; x_wconf 68' lang='lat' dir='ltr'><strong>RGVHil</strong></span> <span class='ocrx_word' id='word_1_426' title='bbox 371 4217 515 4271; x_wconf 66' lang='grc' dir='ltr'><strong>-Ε1.-</strong></span> <span class='ocrx_word' id='word_1_427' title='bbox 532 4231 586 4277; x_wconf 78' lang='lat' dir='ltr'><strong>erpo</strong></span> <span class='ocrx_word' id='word_1_428' title='bbox 650 4218 747 4263; x_wconf 82' lang='lat' dir='ltr'><strong>itlius</strong></span> <span class='ocrx_word' id='word_1_429' title='bbox 767 4219 809 4261; x_wconf 83' lang='lat' dir='ltr'><strong>uui</strong></span> <span class='ocrx_word' id='word_1_430' title='bbox 830 4215 895 4261; x_wconf 85' lang='lat' dir='ltr'><strong>iltius</strong></span> <span class='ocrx_word' id='word_1_431' title='bbox 919 4216 977 4275; x_wconf 85' lang='lat' dir='ltr'><strong>reip.</strong></span> <span class='ocrx_word' id='word_1_432' title='bbox 994 4212 1075 4261; x_wconf 59' lang='lat' dir='ltr'><strong>:sn</strong></span> <span class='ocrx_word' id='word_1_433' title='bbox 1092 4208 1134 4267; x_wconf 66' lang='grc' dir='ltr'><strong>ΡΙ.</strong></span> <span class='ocrx_word' id='word_1_434' title='bbox 1213 4226 1218 4232; x_wconf 88' lang='grc'><em>·</em></span> 
     </span>
    </p>
   </div>
   <div class='ocr_carea' id='block_1_4' title="bbox 117 4277 923 4353">
    <p class='ocr_par' dir='ltr' id='par_1_7' title="bbox 117 4277 923 4353">
     <span class='ocr_line' id='line_1_46' title="bbox 117 4277 923 4353; baseline -0.002 -10"><span class='ocrx_word' id='word_1_435' title='bbox 117 4301 219 4343; x_wconf 76' lang='lat' dir='ltr'><strong>Senecas</strong></span> <span class='ocrx_word' id='word_1_436' title='bbox 232 4312 267 4353; x_wconf 90' lang='lat' dir='ltr'><strong>op.</strong></span> <span class='ocrx_word' id='word_1_437' title='bbox 280 4298 316 4341; x_wconf 83' lang='lat' dir='ltr'><strong>ed.</strong></span> <span class='ocrx_word' id='word_1_438' title='bbox 328 4298 422 4341; x_wconf 80' lang='lat' dir='ltr'><strong>Fickert</strong></span> <span class='ocrx_word' id='word_1_439' title='bbox 435 4296 464 4338; x_wconf 89' lang='grc' dir='ltr'><strong>ΙΙ.</strong></span> <span class='ocrx_word' id='word_1_440' title='bbox 885 4277 923 4341; x_wconf 75' lang='grc'><strong>16</strong></span> 
     </span>
    </p>
   </div>
   <div class='ocr_carea' id='block_1_5' title="bbox 0 0 1353 4770">
    <p class='ocr_par' dir='ltr' id='par_1_8' title="bbox 0 0 1353 4770">
     <span class='ocr_line' id='line_1_47' title="bbox 0 0 1353 4770; baseline 0 0"><span class='ocrx_word' id='word_1_441' title='bbox 0 0 1353 4770; x_wconf 95' lang='lat' dir='ltr'><strong> </strong></span> 
     </span>
    </p>
   </div>
  </div>
 </body>
</html>
