2684 4770
132 357 174 417 vt
549 348 772 410 unstrhut).

223 518 363 583 Ceterum
390 537 464 601 rprrne
482 517 519 579 de
542 512 678 579 Senecae
700 515 837 600 operibus
857 518 894 579 ad
917 527 1009 580 ustor
1035 515 1219 599 corrigendis

138 638 220 717 dixi,
251 637 352 699 eudem
376 636 406 697 in
430 636 503 696 alios
526 633 687 717 scriptores
713 634 821 697 cadunt
848 635 1027 718 permultos,
1063 654 1099 697 uc
1125 634 1218 696 dicam

142 776 263 820 omnes:
287 765 319 816 nt
336 754 360 815 si
379 752 425 815 rel
443 752 523 813 locos
545 750 703 835 probantes
718 750 749 813 in
765 751 871 815 lexicis
890 763 920 819 et
937 750 1220 835 grammaticispro-

141 874 253 958 positos
267 871 302 934 ad
317 871 390 932 hanc
405 869 485 952 qrrasi
499 868 638 930 amussim
652 868 775 951 exigere
791 870 933 949 rolueris,
957 891 1016 935 non
1031 869 1071 931 sit
1086 868 1217 943 dubium,

141 992 210 1074 quin
232 1009 334 1051 eorum
356 1008 489 1070 magnam
513 997 626 1070 partem
647 997 698 1048 urit
721 987 799 1050 nulla
821 998 872 1050 arnt
893 987 951 1053 lcii
974 986 1147 1051 auctoritate
1168 984 1219 1052 niti

140 1109 183 1172 sis
205 1106 419 1170 intellecturus.

224 1285 330 1349 Insunt
344 1285 374 1348 in
386 1285 445 1355 ¹hoc
461 1285 611 1349 volumine
627 1286 693 1347 libri
711 1287 752 1349 clo
767 1286 954 1370 errsirr‘is,
973 1291 1014 1353 cle
1033 1288 1220 1361 Clerurutirr,

142 1408 183 1473 ele
201 1404 276 1468 lru:
299 1421 373 1486 quae
385 1402 507 1469 maiora
527 1387 774 1486 operacouiunni
799 1405 878 1467 nullo
893 1405 1037 1467 minorum
1057 1404 1220 1466 libellorum

142 1524 275 1599 adiecto,
301 1531 332 1582 nt
351 1519 378 1581 hi
401 1539 458 1582 uua
481 1519 703 1582 exhiberentur.
750 1518 820 1586 Fuit
842 1532 940 1593 autem
957 1522 987 1585 in
1005 1522 1088 1584 libris
1106 1521 1147 1585 rlc
1162 1519 1222 1582 Bu-

139 1638 263 1724 ueficiis
281 1647 312 1699 et
328 1636 369 1698 cle
381 1637 556 1700 Clerrrcntiu
576 1637 672 1699 nullus
687 1658 819 1701 meorum
833 1639 978 1718 codicum,
1002 1640 1049 1722 qui
1062 1638 1222 1709 cumGru-

141 1757 197 1821 teri
214 1754 408 1818 Nazariono
424 1753 544 1836 aequari
559 1764 675 1836 posset:
699 1754 797 1837 itaque
817 1756 925 1818 lactum
943 1767 1000 1834 est,
1026 1767 1058 1819 ut
1073 1756 1161 1834 lrunc,
1182 1777 1222 1818 ex

141 1892 198 1956 quo
215 1871 272 1934 iam
285 1869 457 1935 Gronovius
471 1871 561 1933 multu
577 1871 798 1950 emendaverat,
822 1884 941 1957 praeter
957 1884 1073 1938 ceteros
1089 1874 1144 1936 sim
1158 1871 1223 1935 inri-

142 2000 232 2053 tatus.
276 1986 344 2072 Qua
359 1989 441 2051 inre
457 1988 530 2051 nihil
544 1987 637 2070 magis
652 1989 754 2065 doleo,
779 2010 865 2071 mam
883 1993 959 2072 quod
978 1990 1126 2056 Gruterus
1144 1992 1222 2055 illius

141 2102 209 2169 liltn'
223 2104 396 2185 scripturam
414 2124 473 2165 non
482 2104 597 2185 ubique
610 2103 751 2181 laudavit,
767 2116 798 2166 nt
813 2107 850 2168 ad
865 2106 940 2168 ulios
952 2110 1117 2191 coningere
1133 2127 1223 2190 saepe

142 2239 268 2287 necesse
285 2218 386 2280 luerit.
423 2218 594 2281 Parisinus
611 2218 729 2283 codices
744 2221 815 2283 mihi
831 2222 947 2304 quidem
964 2223 1093 2285 delibare
1110 2232 1221 2284 tanturn

142 2340 241 2407 licuit:
266 2357 321 2402 nec
337 2345 506 2421 postquam
531 2335 666 2399 intellexi
681 2338 755 2400 meis
770 2336 892 2404 RGV'l'
907 2340 1045 2402 meliores
1061 2360 1120 2401 uon
1140 2359 1220 2418 esse,

142 2459 298 2523 ridebatur
312 2472 419 2537 operae
434 2454 557 2537 pretium
573 2475 674 2517 cortun
691 2456 868 2519 collationes·
880 2477 986 2540 magna
1003 2456 1140 2519 mercede
1155 2458 1223 2519 retl-

141 2577 246 2640 imere.
291 2570 358 2637 Nec
382 2572 461 2654 potui
483 2571 739 2654 Neapolitanum
770 2573 929 2645 editionem
952 2585 1042 2637 totam
1063 2575 1220 2638 conterret

143 2714 209 2757 cum
225 2691 304 2755 euim
327 2690 481 2775 exemplar
500 2687 698 2775 Gottiugense
714 2691 936 2777 impetrassem,
968 2691 1052 2755 multi
1075 2693 1150 2777 apud
1176 2713 1222 2755 me

143 2821 228 2874 erant
249 2809 315 2873 libri
330 2808 397 2871 msti
413 2819 495 2872 certo
514 2818 645 2892 tempore
659 2809 843 2872 bibliothecis
859 2810 998 2883 reddendi
1018 2829 1113 2893 nequo
1127 2810 1220 2891 ipsum

143 2927 218 2991 ultra
236 2924 422 2990 constitutam
440 2925 516 2988 diem
540 2926 621 2991 volui
643 2927 786 2993 retinere.
832 2928 958 3011 denique
980 2925 1149 2991 intercessit
1165 2924 1222 2986 iter

141 3040 318 3108 Parisiorum.
364 3041 467 3127 ltaque
487 3043 655 3126 Epistolus
676 3046 793 3128 quidem
808 3066 911 3110 ornnes
927 3043 1053 3122 contuli,
1076 3051 1110 3105 ut
1128 3041 1222 3125 aqui-

141 3160 197 3225 bus
222 3162 359 3227 editionis
378 3162 492 3229 initiun
519 3182 600 3228 eram
626 3164 775 3228 lecturus:
811 3166 991 3247 reliquorum
1012 3172 1108 3223 antem
1130 3159 1222 3221 libro-

141 3300 205 3344 rum
227 3292 326 3364 partes
344 3291 455 3344 tantum
478 3282 599 3351 excussi
617 3284 844 3355 aestimaturus,
868 3279 933 3357 quis
956 3284 1038 3334 esset
1057 3273 1135 3333 illius
1156 3272 1222 3333 libri

141 3396 253 3455 adrem
269 3395 402 3453 critictun
418 3412 501 3453 usus.
543 3392 698 3471 sperabam
714 3399 869 3471 praetcrea
886 3408 932 3450 me
950 3408 1016 3450 euru
1032 3387 1118 3450 facile
1133 3409 1222 3473 posse

140 3526 334 3592 rceupmme,
357 3504 473 3586 qnando
488 3523 607 3581 eonrrm,
631 3505 680 3588 qui
697 3503 888 3568 bibliothecis
903 3516 1064 3591 praesunt,
1088 3527 1148 3570 nou
1171 3527 1223 3591 per

142 3621 332 3689 Germaniam
353 3631 464 3686 tantum
483 3621 628 3706 insignem
644 3623 738 3686 adhuc
753 3633 894 3707 expertus
909 3644 992 3687 eram
1016 3624 1222 3689 liberalitatem

140 3753 172 3807 et
184 3742 363 3806 comitatem.
407 3738 549 3804 Attamen
565 3741 621 3803 hac
638 3761 771 3824 spesmn
788 3741 947 3828 deeeptus,
964 3764 1038 3815 ‚cum
1052 3742 1101 3806 illa
1117 3744 1222 3806 editio·

140 3876 180 3921 ne
195 3876 248 3940 per
271 3858 383 3924 litteras
407 3858 513 3921 iterum
536 3858 626 3944 potita
648 3861 896 3944 responderetur,
923 3861 954 3923 si
972 3881 1007 3923 ea
1023 3860 1155 3942 ammius
1180 3858 1221 3921 uti

139 3972 267 4052 vellem,
291 3973 461 4058 Gottingam
480 3975 551 4039 milri
571 3975 629 4038 iter
647 3996 715 4040 esse
733 3977 915 4056 laciendum,
945 3978 975 4038 irl
998 3974 1074 4057 quod
1093 3994 1149 4036 nec
1167 3994 1221 4058 per

140 4092 272 4155 muneris
287 4091 431 4155 rationem
446 4093 551 4156 licebat
566 4112 620 4156 nec
633 4112 687 4177 per
701 4094 744 4157 rei
756 4093 907 4156 familiaris
919 4091 1130 4155 conditionem.
1154 4089 1221 4175 ligo

140 4229 214 4273 vcro
232 4230 295 4273 rem
316 4211 543 4275 commemorari
566 4231 602 4274 eo
621 4210 716 4273 solnm
734 4209 879 4289 consilio,
913 4228 950 4272 nc
968 4207 1034 4292 quis
1056 4208 1129 4271 vitio
1151 4209 1222 4272 mihi
