2684 4770
551 343 767 410 PRAEFATIO.
1135 347 1202 408 xm

206 523 238 578 8.
274 523 299 574 b·
333 512 516 577 Altorbnnus
535 510 578 576 ll.
598 512 690 575 nilide
708 512 844 596 scalptus.
875 526 956 575 Pauca
971 539 1010 584 ea,
1027 537 1091 588 quae
1105 537 1136 571 ex
1152 521 1204 572 boc

120 615 208 666 codice
223 632 280 667 enm
297 615 349 672 m.
366 615 544 676 collaterana,
562 613 645 664 nolent
665 612 720 662 lere
739 616 876 666 vonsentire
893 634 949 667 corn
968 616 1144 684 amptonieno.

200 709 234 764 9.
271 727 296 762 α.
330 697 485 763 Parisinus
500 698 543 763 N.
560 707 657 763 aaut.
687 704 739 755 rid.
757 722 832 773 supra
848 708 880 768 n,
896 726 920 769 a,
935 706 961 757 9.
995 708 1088 759 Partim
1105 707 1199 759 contub

120 818 174 851 curn
192 804 242 857 80.

205 894 257 949 10.
296 893 323 943 C
357 880 667 947 Mediolanensislll.
691 886 977 956 vid.aupm11,a.13·
1004 892 1126 959 Excerpta
1140 904 1200 944 ran-

121 993 175 1034 tnrn
189 985 275 1035 babet.

208 1076 260 1128 11.
297 1078 328 1125 D.
363 1063 597 1127 Mediolanensis
614 1060 671 1126 lv.
703 1070 754 1120 vid.
769 1087 843 1138 rupra
859 1071 900 1134 11,
918 1087 950 1137 a,
970 1066 1010 1121 14.
1046 1071 1115 1121 later
1131 1070 1205 1121 dete-

124 1164 203 1215 riores
219 1175 258 1215 eat
274 1163 410 1215 habendus.

209 1257 260 1312 19.
296 1260 327 1309 Ε.
360 1246 595 1313 Mediolanensls
610 1246 650 1313 V.
674 1253 726 1305 rid.
741 1270 815 1321 supra
832 1255 865 1317 ll,
879 1272 901 1317 a,
916 1253 956 1329 15,
992 1252 1071 1304 Valde
1089 1265 1127 1307 eat
1145 1272 1203 1306 mn—

119 1348 214 1399 tilatua.

481 1523 510 1566 c.
553 1503 699 1564 Librorum
721 1501 757 1563 da
779 1500 834 1563 lra.

206 1629 235 1684 1.
273 1628 304 1680 G.
341 1616 602 1705 Guelferbytanus.
625 1618 720 1703 (Gud.
739 1626 791 1681 10.
807 1617 904 1682 Ebert
917 1617 960 1682 N.
982 1621 1072 1703 765.)
1099 1629 1150 1680 rid.
1168 1629 1199 1693 11,

119 1736 149 1789 a,
166 1716 191 1771 2
226 1722 255 1771 ln
272 1720 310 1770 hia
323 1719 393 1770 libria
409 1738 461 1771 non
478 1738 580 1789 prorant
595 1719 751 1788 spernendus
767 1728 812 1769 eat.
849 1718 950 1770 Contuli
967 1737 1023 1770 cum
1040 1720 1084 1777 24.
1100 1723 1201 1774 Ferale-

119 1821 160 1853 rna
177 1805 317 1855 contulerat
335 1822 391 1855 earn
409 1805 462 1860 23¹.

203 1899 236 1951 2.
274 1900 298 1962 β.
332 1886 539 1951 berolinensis
555 1883 614 1967 (M.
631 1885 684 1946 lat.
702 1882 771 1946 Ful.
791 1885 859 1963 17.)
875 1884 1039 1947 membran.
1055 1886 1124 1950 Fal.
1136 1912 1198 1957 sao.

120 1984 211 2051 XlV.
229 1988 291 2049 loll.
306 1995 358 2049 ll.
378 1983 447 2047 roll.
462 1993 494 2046 2.
513 1984 585 2045 linn.
598 1992 649 2046 ab.
673 1982 827 2063 eleganter
848 1992 879 2044 et
892 1981 1047 2046 emendate
1061 1990 1200 2072 scriptus.

119 2086 177 2137 Fol.
193 2084 217 2136 1.
236 2102 310 2135 veno
323 2085 439 2149 leguntur
455 2083 517 2133 baec
531 2099 592 2133 auro
609 2082 691 2149 picta:
711 2085 739 2132 Si
752 2084 860 2132 dominos
873 2087 899 2131 tu
913 2084 974 2131 seire
991 2098 1054 2135 meur
1070 2090 1203 2141 ainamma

119 2175 189 2221 lector
207 2167 219 2238 ss
240 2173 273 2218 Ea
286 2171 387 2230 cupidus
401 2172 492 2218 nouisse
509 2183 554 2217 aaa
573 2170 617 2217 tor
638 2170 685 2217 na'o
701 2169 806 2217 amnne
820 2181 887 2217 norae
907 2163 919 2234 Ι)
938 2169 980 2217 Eat
996 2172 1102 2223 nicnlw
1117 2189 1204 2228 annam

118 2258 230 2306 nnaarn
247 2255 288 2303 Eat
303 2255 473 2303 tumulentur
489 2250 500 2320 ΙΙ
522 2254 584 2313 Quos
598 2252 806 2315 burnunculum
820 2254 900 2314 gennit
913 2256 1039 2314 praerlura
1049 2272 1165 2323 propago.
1178 2263 1189 2324 u

120 2406 145 2458 χ.
163 2393 185 2441 λ.
212 2386 257 2441 καὶ
273 2386 305 2441 τὰ
321 2356 371 2441 λοιπ
382 2406 387 2436 :
408 2386 591 2437 circumdantur
607 2386 633 2435 hi
648 2402 732 2435 verena
748 2385 779 2434 ab
796 2395 902 2453 utroque
918 2386 1080 2440 latereliner'a
1096 2402 1200 2447 atroce

121 2472 205 2540 (Σημεί
225 2473 236 2540 Ι)
256 2471 336 2533 ocal,
363 2490 378 2521 a
395 2471 484 2538 quibua
508 2488 592 2520 nurum
615 2479 654 2520 eat
677 2470 800 2519 abraaiun.
844 2470 913 2520 Infra
942 2473 1128 2539 conspiciuntur
1151 2480 1200 2531 alia

119 2557 258 2607 recentiore
273 2574 348 2606 manu
362 2556 470 2623 scripta:
489 2557 535 2605 Leo
550 2558 689 2619 auqittarina
703 2559 765 2605 artes
778 2561 886 2606 manunt
897 2555 908 2617 11
928 2559 988 2607 Sient
1002 2562 1125 2611 orientalia
1141 2579 1201 2614 aem-

117 2656 205 2704 perque
224 2645 339 2691 warenn!
355 2649 403 2690 etc.
439 2640 525 2689 lnaunt
540 2638 598 2688 libri
613 2637 645 2688 de
661 2638 837 2701 Providentia,
856 2638 889 2689 de
905 2641 1051 2693 Constantia
1067 2646 1200 2712 Sapientia,

119 2727 148 2774 de
162 2728 210 2787 lru,
225 2725 258 2774 ad
273 2725 392 2775 Marciam
407 2723 440 2773 de
456 2722 642 2783 Consolatione,
660 2721 692 2772 de
707 2725 784 2772 Beata
800 2723 876 2784 Vita,
895 2724 927 2773 de
943 2727 1149 2792 Tranquillitnte‚
1168 2731 1200 2780 de

118 2809 245 2859 llreritate
260 2809 334 2859 Vitae
350 2808 480 2876 (adhaeret
496 2806 641 2857 Consolatio
657 2806 690 2856 ad
704 2807 854 2875 Polybium),
875 2806 1020 2858 Consolatio
1035 2810 1068 2859 ad
1078 2813 1199 2871 llelviani.

118 2893 249 2942 summaria
268 2893 435 2959 Epistularum
453 2888 508 2941 128.
543 2892 661 2940 Extrema
679 2890 729 2941 diro
753 2892 815 2942 solia
839 2901 962 2958 occupant
983 2892 1064 2943 aliena
1081 2897 1199 2949 Senecae.

119 2975 168 3026 llic
183 2976 246 3025 liber
262 2976 363 3042 optimia
378 2985 419 3024 est
434 2974 630 3024 annumerandae
648 2983 675 3023 et
689 2992 764 3040 nepe
783 2976 922 3027 concordat
939 2993 994 3027 curn
1012 2990 1101 3031 nostro
1115 2985 1137 3031 A
1152 3000 1201 3033 an-

117 3059 269 3124 tiquissimo.
305 3056 407 3104 Contuli
425 3073 480 3103 cum
497 3056 540 3109 tt,

204 3147 236 3199 5.
274 3142 305 3189 V·
340 3135 583 3198 Vratislaviensis
599 3138 682 3218 (bibl.
700 3160 762 3220 reg.
783 3138 840 3202 lv.
864 3139 901 3200 F.
918 3143 978 3218 3.).
1011 3154 1061 3202 vid.
1081 3171 1154 3218 supra
1169 3160 1200 3216 11,

120 3259 143 3301 a,
162 3237 186 3288 4.
222 3234 315 3286 Passim
330 3232 496 3300 interpolatus
513 3231 584 3281 estin
601 3233 640 3282 hia
654 3233 731 3294 libris,
750 3235 885 3299 aliquando
900 3245 984 3284 tamen
1000 3238 1122 3286 sinceram
1138 3244 1203 3290 acri-

120 3335 221 3391 pturam
237 3321 320 3371 offert.
358 3316 488 3369 consentit
511 3315 537 3366 in
556 3317 622 3367 libro
638 3319 658 3366 l.
678 3334 732 3367 cuni
749 3319 769 3366 Β
788 3327 813 3366 et
830 3316 963 3382 exemplari
978 3318 1089 3368 Facundi
1106 3331 1131 3370 et
1146 3324 1202 3372 l‘ri-

122 3407 211 3468 minin,
231 3406 256 3455 in
272 3405 337 3456 libro
353 3406 384 3453 ll.
403 3420 459 3453 curn
474 3401 530 3463 hoc,
550 3400 575 3451 in
591 3402 710 3451 librolll.
722 3401 819 3469 saepius
832 3418 888 3451 cum
903 3398 947 3452 1²2.
977 3403 1077 3454 Contuli
1093 3411 1199 3462 cnmsst,

205 3500 236 3555 1.
273 3516 297 3564 g·
333 3487 635 3573 Gryphlswaldensls.
669 3493 719 3543 vid.
738 3510 811 3559 supra
832 3494 872 3555 ll,
890 3510 919 3556 a,
937 3488 961 3543 6.
998 3493 1116 3546 Codicem
1133 3499 1201 3552 hunc

121 3591 274 3641 deteriorem
290 3590 364 3640 Fred.
382 3589 466 3638 Haase
483 3587 574 3654 partim
593 3586 700 3637 contulit
718 3602 772 3634 curn
789 3587 852 3638 Cra.

207 3683 238 3735 5.
274 3686 303 3731 Δ.
338 3671 572 3734 Mediolanensls
591 3670 617 3734 1.
652 3679 738 3729 Codex
753 3678 917 3743 Pergamenae
934 3678 1077 3729 charactere
1093 3682 1126 3732 ad
1133 3684 1200 3735 Lun-

119 3773 282 3842 gobardicum
298 3770 434 3823 accedente
449 3772 611 3839 conscriptus,
630 3770 746 3836 notisque
762 3769 937 3836 marginalibus
954 3771 1104 3821 annedoetia
1116 3792 1200 3842 arper-

119 3878 177 3921 aua,
195 3855 294 3909 macuti
309 3853 383 3906 Ixnt
395 3855 519 3915 exeuntia,
544 3856 584 3905 vel
601 3854 709 3906 ineunda
726 3851 791 3904 XM!
805 3855 831 3904 in
847 3853 893 3904 l'ol.
914 3851 1025 3913 minore,
1044 3855 1141 3907 formae
1155 3860 1199 3911 ob.

121 3944 211 4009 longae
228 3944 271 4007 [ex
284 3940 422 4008 aenptnraoe
438 3937 588 4005 specimine,
605 3938 672 4006 quod
690 3937 832 3989 adiecerunt
848 3940 943 3987 Branca
957 3945 983 3984 et
999 3938 1120 4003 fingatur,
1138 3946 1198 3996 mihi

120 4026 220 4096 quidem
239 4041 381 4094 perauaaum
405 4034 443 4073 eat
460 4030 520 4090 port
535 4021 644 4072 seculum
659 4024 705 4073 tx.
723 4040 774 4073 non
790 4022 910 4088 scriptum
933 4035 987 4068 ease
1004 4021 1071 4072 hune
1087 4025 1196 4095 libnrm].

122 4110 302 4178 Complectitnr
315 4111 464 4161 Tractatua:
481 4110 516 4158 De
533 4109 685 4158 Prouidentia
700 4110 733 4157 ud
750 4109 882 4163 bacillum
899 4107 933 4153 De
951 4107 1077 4171 sapient,
1094 4115 1119 4163 in
1131 4129 1198 4176 qnam

120 4211 166 4247 nora
180 4198 244 4246 eadit
257 4198 346 4244 intarta
362 4208 403 4243 nee
414 4195 552 4243 contuentia
568 4194 601 4241 nd
619 4194 748 4249 serenicum
765 4193 799 4240 De
816 4191 857 4237 lra
874 4189 941 4239 tun
955 4195 1001 4242 tres
1017 4195 1051 4242 ad
1066 4197 1198 4258 Noenum,-

121 4282 154 4330 Da
171 4281 329 4328 Consolatione
346 4279 380 4327 nd
396 4279 528 4335 Murciam
552 4278 586 4327 De
605 4278 657 4323 l'r'to
673 4277 743 4324 bento
759 4273 793 4320 ad
809 4273 956 4334 Gallicam,-
973 4277 1007 4326 De
1023 4279 1200 4341 Tranquillum
