2684 4770
549 341 764 409 Palmum.
1145 352 1197 414 vu

117 527 267 596 verteret,
291 517 368 600 quod
390 515 421 578 iu
443 513 661 578 commentariis
684 535 742 577 non
764 537 867 580 omues
889 518 967 581 illius
985 517 1051 581 libri
1071 517 1196 603 scriptu-

117 657 166 699 rus
188 633 338 721 proposui.

201 750 248 817 De
270 751 307 815 iis
322 749 491 828 codicibus,
514 749 563 834 qui
577 748 670 812 libros
687 747 729 811 de
745 733 917 830 Beneficiis
934 764 985 816 aul
999 755 1040 818 de
1056 736 1200 819 (dirruen-⁴

116 874 165 935 lin
179 891 239 933 uon
255 869 388 952 integros
406 868 533 946 liabent,
558 867 609 929 sed
627 867 658 929 in
680 864 884 951 compendium
900 869 1055 949 redactos,
1079 882 1198 954 praeter

119 973 173 1064 ea,
208 974 345 1069 quaede
368 984 492 1065 singuiis
516 983 591 1043 inlra
618 992 688 1043 sunl
710 982 806 1059 dicta,
841 983 880 1042 ci.
898 979 1110 1064 l‘rolegomena
1133 1007 1199 1049 mea
1242 1022 1249 1034 -

121 1123 150 1184 p.
172 1111 203 1164 4.
227 1121 285 1183 quo
300 1100 330 1161 in
347 1098 445 1161 libello
465 1098 500 1160 de
518 1096 600 1159 libris
620 1095 757 1161 Senecae
773 1109 830 1160 lam
847 1097 1000 1183 impressis
1016 1119 1101 1182 quam
1118 1101 1201 1163 urstis

119 1216 269 1302 copiosius
285 1226 331 1279 est
346 1216 532 1300 disputatum.
576 1211 611 1276 ln
626 1214 707 1277 libris
724 1214 766 1277 de
778 1214 837 1278 Iro
853 1215 941 1277 mulla
958 1216 1116 1279 emendare
1130 1236 1201 1279 cou-

118 1326 184 1418 eigil
203 1352 244 1396 ex
263 1326 364 1396 codice
382 1331 413 1395 A
427 1330 645 1396 vetustissimo:
670 1351 755 1414 quem
781 1354 846 1396 cum
864 1331 1002 1396 Muretus
1029 1332 1098 1396 olim
1118 1332 1200 1396 adlui-

117 1452 245 1530 buissel,
266 1451 317 1513 sed
332 1471 402 1513 raro
417 1449 567 1513 laudasset
581 1448 659 1512 lidri
673 1447 780 1513 Simili
797 1451 928 1529 nominc,
953 1451 1117 1535 scripturae
1135 1450 1199 1515 mus

117 1567 284 1633 aGrulero
299 1578 330 1631 et
345 1567 412 1631 aliis
433 1587 521 1651 saepe
544 1588 597 1652 pro
619 1564 732 1630 Mureti
755 1567 933 1631 coniecturis
955 1578 1026 1632 sunl
1046 1567 1174 1631 habilae.

201 1682 264 1750 lam
285 1685 461 1750 recensendi
485 1696 555 1747 sunl
579 1685 665 1763 libri,
696 1684 800 1768 quibus
821 1686 853 1748 in
877 1686 931 1749 luoc
955 1686 1105 1749 uolumine
1127 1705 1199 1751 naus

118 1827 194 1884 sum,
218 1804 258 1867 ila
275 1814 393 1881 maren,
415 1812 449 1888 ul
462 1822 534 1881 eos,
557 1824 680 1884 quorum
694 1803 724 1863 iu
739 1802 823 1886 primi
841 1802 1001 1867 voluminis
1016 1803 1200 1885 praelatione

119 1921 229 1985 mentio
246 1922 321 1982 lucta
337 1929 403 1994 esl,
426 1917 528 1999 paucis
544 1938 790 1994 commemorem,
815 1919 850 1978 de
864 1920 999 1980 omuibus
1015 1930 1112 1981 alutem
1128 1939 1199 1981 con-

122 2037 194 2098 lerri
211 2034 328 2096 iubeam
344 2031 558 2115 Prolegomena
575 2050 640 2092 mea
661 2052 725 2114 cap.
743 2029 785 2093 ll.
804 2043 834 2093 el
848 2029 905 2093 ΙΙΙ.
940 2031 1068 2095 Codices
1084 2033 1123 2094 ibi
1142 2052 1201 2094 non

121 2152 286 2236 descriptos
307 2150 410 2214 stellae
429 2148 515 2231 signo
538 2147 584 2210 hic
607 2147 719 2210 notavi.

310 2439 368 2537 Α.Ι
394 2432 613 2500 cennens
643 2431 1010 2499 uanuseumru.

419 2619 445 2684 l.
478 2621 525 2684 Ab
543 2618 744 2706 superioribus
761 2620 905 2707 usurpati.

363 2797 394 2838 u.
440 2776 638 2835 Librorum
668 2773 709 2834 de
738 2774 961 2834 Beneficiis.

210 2922 238 2974 l.
284 2908 413 2974 Codices
431 2907 560 2974 Erasini.
606 2915 1079 2982 eou.1,onpooarue'eue‚,quem.eciam
1095 2918 1204 2964 veludu-

123 3019 209 3069 2imum
226 3011 287 3059 dicit
302 3021 378 3076 utque
394 3011 420 3058 in
435 3009 503 3058 libris
517 3011 550 3058 de
562 3010 684 3069 Beneficiis
699 3015 725 3055 et
740 3007 770 3055 dc
787 3008 1024 3073 Clementia-passim
1038 3004 1124 3056 laudm
1140 3004 1205 3053 Enn-

125 3111 200 3150 omus,
218 3092 285 3139 idem
300 3107 354 3138 ease
369 3091 468 3138 videtur
484 3107 514 3138 ac
528 3086 799 3139 dommuccensem.
833 3090 867 3138 cl.
883 3091 916 3140 nd
932 3091 979 3140 Bis.
999 3094 1042 3152 ΙΙΙ,
1057 3087 1100 3151 3¹2,
1120 3086 1142 3138 l.
1160 3086 1204 3145 lv,

127 3172 152 3236 4,
170 3171 195 3222 2.
230 3174 269 3222 lle
285 3170 385 3235 reliquis
400 3171 510 3219 eiusdem
522 3169 591 3218 libris
606 3186 694 3235 parum
708 3180 816 3219 constat.
841 3173 875 3220 cf.
885 3174 935 3223 vol.
946 3177 965 3222 Ι.
976 3174 1056 3238 procl.
1067 3171 1170 3238 p.XlV‚
1182 3167 1204 3218 l.

211 3285 243 3337 2.
289 3268 418 3335 Codices
437 3265 582 3329 Pinciani.
629 3274 745 3340 sogum
759 3274 872 3322 recensu
887 3274 912 3322 in
928 3273 1205 3339 vonupmeepxuv,

126 3376 149 3427 2.
169 3376 194 3425 in
210 3373 280 3424 libr'm
296 3380 380 3422 nutem
394 3371 423 3419 dl
439 3369 562 3429 Beneficiis
578 3375 604 3414 et
620 3367 650 3413 de
666 3360 875 3411 memoriarum
891 3358 1007 3409 meliores
1022 3374 1072 3407 non
1089 3365 1155 3405 sunt.

211 3468 243 3522 ὅ.
289 3452 395 3519 Codex
415 3450 533 3516 Medii..
570 3455 671 3515 Codex,
696 3467 746 3518 quo
762 3450 861 3500 adiutus
878 3448 1022 3500 Franciscm
1037 3447 1138 3499 Modius
1158 3444 1208 3499 ali-

128 3571 190 3628 quot
206 3559 326 3609 librorum
343 3559 372 3605 de
387 3555 507 3616 Beneficiis
532 3549 602 3599 locos
625 3557 651 3596 et
675 3560 766 3612 pancos
783 3547 812 3593 de
830 3546 958 3595 cremnon
975 3539 1131 3601 emendavit,
1157 3537 1209 3590 fuir

130 3646 270 3694 cunule-sl.
285 3640 398 3702 srepuem
413 3638 531 3698 llerbipol.
564 3633 663 3696 Peneo,
685 3646 748 3696 quac
766 3627 851 3677 laudnt
867 3625 983 3687 Medius,
1009 3622 1208 3701 docent'libruun

131 3726 206 3775 luisse
221 3724 323 3773 bouum.
630 3762 635 3771 ,

217 3816 248 3870 d.
295 3799 421 3866 Codices
442 3802 565 3865 Mureti.
609 3810 722 3858 muretus
746 3804 833 3871 quibus
858 3799 985 3849 codicibus
1007 3815 1063 3847 usus
1085 3797 1132 3859 eit,
1157 3814 1209 3849 non

131 3908 294 3964 diiudicatur,
322 3919 368 3951 nec
383 3901 443 3951 lieet
456 3902 611 3962 discernere,
630 3913 694 3964 quae
712 3908 742 3941 ex
757 3890 826 3939 libris
842 3887 912 3936 mstis
931 3884 1043 3943 duruerit,
1069 3900 1163 3949 quaeue
1179 3904 1209 3937 ex

131 3993 281 4045 coniectum
291 3985 433 4039 mactaverit.

217 4087 248 4138 5.
294 4068 401 4135 Codex
423 4065 585 4153 Opsopoei.
631 4073 706 4122 Liber
723 4068 818 4119 crunon
837 4062 936 4112 rueme
951 4067 1043 4120 mem,
1067 4077 1140 4127 quem
1161 4063 1211 4112 ali-

133 4178 229 4246 ‹prolics
246 4173 332 4225 laudet
349 4176 509 4240 Opsopoeua,
528 4165 670 4235 quodlicet
688 4159 807 4224 colligere
818 4171 849 4206 ex
864 4152 993 4222 scripturis
1008 4155 1153 4222 propositis,
1170 4153 1213 4204 in-
